1760 3210
167 33 272 105 298
497 51 681 89 rmum
713 54 980 97 Ειηετοωε
1014 58 1085 95 An
1125 57 1434 102 commanos
1739 0 1760 68 ᾖ

167 114 260 174 alii
285 131 462 178 autem
482 141 657 178 sermo
681 121 914 183 scientiae
946 125 1240 182 secundum
1275 130 1525 189 eumdem
1557 117 1760 208 spiri-f

167 214 324 260 tum.
1503 238 1506 240 ·

234 367 285 416 9.
305 341 472 400 Alteri
495 345 629 403 fides
652 344 708 403 in
730 345 920 406 eodem
956 349 1162 420 Spiritu
1186 375 1197 406 ε
1223 350 1315 408 alii
1337 353 1505 426 gratia
1527 356 1738 416 sanita-

165 442 279 487 tum
303 432 360 488 in
383 455 490 510 uno
519 435 749 505 Spiritu:

238 546 315 580 10.
337 523 439 579 Alii
468 524 709 595 operatio
752 525 1039 596 virtutum,
1073 526 1159 584 alii
1187 528 1499 601 prophetia,
1523 533 1734 593 aliidis·

169 608 653 681 cretiOSpirituum,
680 613 769 669 alii
790 637 983 688 genera
1009 571 1332 690 linguarum,
1356 619 1488 676 alii
1472 636 1733 701 interpre-

167 698 300 756 tatio
327 720 654 759 sermonum.

236 931 316 963 11.
342 910 471 963 Haec
507 920 686 964 antem
718 907 898 964 omnia
937 920 1189 979 operatur
1226 931 1365 969 unus
1402 925 1560 995 atque
1593 895 1741 1011 idem

163 994 422 1064 Spiritus,
451 994 694 1053 dividens
716 995 939 1070 singulis
963 1009 1123 1068 prout
1146 997 1276 1056 vult.

186 1455 191 1475 ,ἡ
232 1424 312 1457 12.
331 1399 475 1456 Sicut
503 1400 646 1458 enim
669 1421 862 1472 corpus
891 1422 1060 1456 unum
1087 1412 1193 1471 est,
1227 1413 1279 1457 et
1309 1391 1551 1459 membra
1574 1401 1760 1459 habet:

157 1488 329 1544 multa
342 1530 358 1556 ‚
380 1488 562 1544 omnia
575 1501 753 1544 autem
772 1488 1011 1545 membra
1027 1490 1266 1560 corporis
1287 1495 1410 1546 cum
1422 1489 1526 1548 sint
1540 1491 1734 1562 multa,

82 1636 84 1638 ,
157 1596 322 1645 unum
343 1588 522 1634 tamen
549 1598 746 1649 eorpus
765 1586 890 1636 sunt
917 1577 1023 1635 :ita
1044 1591 1096 1635 et
1124 1577 1386 1636 Christus.

227 2118 309 2172 13.
333 2111 546 2171 Etenim
569 2111 625 2169 in
650 2133 759 2170 uno
779 2112 980 2184 Spiritu
1005 2133 1192 2171 omnes
1215 2134 1312 2170 nos
1333 2093 1391 2170 in
1414 2115 1581 2170 unum
1607 2132 1733 2195 cor-5

152 2223 257 2274 pus
275 2200 526 2275 baptizati
551 2223 735 2259 sumus
753 2243 768 2271 ,
798 2203 907 2259 sive
942 2201 1141 2271 Judaei‚
1180 2201 1289 2258 sive
1314 2202 1547 2259 Gentiles
1564 2247 1580 2274 ,
1615 2201 1731 2261 siv'e
1755 2204 1760 2214 “

154 2291 321 2367 servi,
350 2290 460 2348 sive
488 2290 643 2348 liberi
666 2314 678 2345 :
704 2304 755 2348 et
778 2313 963 2350 omnes
985 2290 1039 2347 in
1080 2312 1187 2348 uno
1210 2289 1416 2362 Spiritu
1441 2290 1605 2364 potati
1630 2312 1728 2350 suv.

152 2402 294 2439 mus.

259 2473 486 2538 4.Νειιῐι
513 2484 565 2530 et
599 2492 795 2543 corpus
827 2491 941 2528 non
973 2482 1053 2528 est
1079 2492 1247 2528 unum
1271 2470 1602 2539 membrum,
1635 2468 1734 2530 sed

154 2558 340 2616 multa.
