1760 3210
443 101 668 139 τωρωι
699 99 991 137 nxposrrro.
1028 85 1147 150 Cap.
1179 82 1247 138 X.
1307 94 1318 99 “
1536 81 1642 140 223

485 335 508 387 f
532 348 766 404 cAPu'r
805 347 1171 405 DEOEMUM.

667 503 1004 569 Paraplzraszk.

61 641 324 775 Qumm
361 703 596 766 reprobari
635 702 858 752 timeam?
900 701 1080 770 quidni·
1103 711 1149 752 et
1185 719 1274 756 vos
1305 702 1431 753 idem
1450 719 1635 755 mecum

53 776 285 830 timeatis?
321 794 551 829 memores
574 788 720 830 estote
746 797 935 842 eorum,
960 796 1064 846 quae
1086 781 1286 844 patribus
1313 782 1482 831 nostris
1507 784 1640 831 acci-

57 857 256 911 derunt:
293 874 455 915 omnes
483 857 546 907 illi
574 868 676 923 post
700 875 932 923 egressum
957 875 1017 909 ex
1042 856 1253 924 AEgypto
1270 897 1282 920 ‚
1310 860 1394 909 sub
1429 858 1643 910 columna

57 937 193 988 nubis
232 934 440 996 fuerunt,
479 943 524 986 et
562 953 726 986 omnes
767 954 894 988 mare
926 935 1142 987 Rubrum
1181 938 1448 988 mirabiliter
1483 946 1640 988 trans-

57 1018 236 1074 ierunt3

124 1105 190 1163 Et
210 1127 396 1168 omnes,
421 1107 590 1176 Moyse
614 1109 728 1159 duce
750 1119 794 1160 et
817 1110 1114 1174 administro,
1141 1112 1486 1183 quodammodo
1507 1116 1639 1180 bap-

0 1236 5 1239 ,
57 1192 181 1245 tizati
205 1189 376 1239 suntin
401 1186 488 1237 hac
513 1189 641 1238 nube
657 1225 669 1249 ‚
700 1196 744 1238 et
765 1192 908 1248 mari,
932 1192 1076 1239 nostri
1100 1190 1387 1256 baptismatis
1411 1191 1573 1259 figurss.

127 1280 192 1337 Et
211 1301 375 1335 omnes
398 1283 525 1348 idem
543 1301 713 1335 manna
739 1285 914 1335 coelitus
941 1285 1097 1336 datum
1121 1286 1439 1342 comederunt.

126 1475 191 1531 Et
208 1498 371 1534 omnes
381 1500 544 1551 aquam
559 1483 779 1534 divinitus
796 1484 951 1550 datam
964 1487 1184 1536 biberunt
1199 1505 1211 1535 ε
1224 1484 1471 1547 (bibebant
1489 1497 1644 1539 autem

58 1557 119 1609 de
136 1560 252 1626 'aqua
268 1598 282 1626 ,
310 1578 443 1628 quam
472 1565 498 1610 ὲ
521 1578 632 1610 saxo
655 1558 850 1629 Moyses
872 1561 1024 1612 elicuit
1045 1567 1137 1613 ictu
1165 1566 1305 1628 virgae
1323 1599 1338 1623 ‚
1363 1565 1490 1626 cujus
1507 1580 1644 1630 aquae

55 1634 189 1689 rivuli
222 1655 295 1688 cas
300 1647 364 1689 tra
387 1656 545 1690 eorum
579 1638 836 1705 aliquandiu
870 1642 1015 1690 secuti
1052 1643 1230 1691 suntin
1272 1640 1485 1698 deserto;
1526 1639 1640 1691 haee

58 1720 210 1766 autem
244 1733 381 1782 rupes
415 1717 635 1782 figurabat
673 1715 939 1778 Christum,
985 1721 1013 1767 ὲ
1054 1720 1180 1783 cujus
1220 1717 1360 1768 latere
1384 1734 1644 1783 percusso,

55 1792 190 1846 fluxit
211 1812 327 1862 aqua
345 1795 403 1845 ad
429 1793 726 1866 resectionem
747 1791 980 1845 Ecclesiae.
991 1795 1016 1856 )

130 1886 366 1942 Beneficia
389 1908 498 1955 ergo
535 1891 750 1941 omnibus
790 1889 876 1940 illis
913 1893 1174 1940 communia
1198 1889 1386 1956 quidem
1415 1887 1601 1941 fuerunt

58 1975 376 2019 verumtamen
412 1968 766 2034 quamplurimos
799 1984 959 2017 eorum
992 1965 1121 2017 Deus
1139 1974 1289 2032 gratos
1326 1984 1421 2016 non
1443 1965 1644 2034 habuit,

56 2044 144 2096 sed
179 2046 243 2095 ob
278 2044 448 2095 scelera
469 2044 619 2094 morte
646 2047 822 2110 punivit
844 2047 892 2094 in
929 2044 1142 2108 deserto,
1187 2048 1251 2095 ita
1269 2054 1320 2095 ut
1346 2045 1439 2094 duo
1464 2048 1646 2095 tanturn

58 2130 225 2175 terram
247 2125 516 2189 promissam
541 2121 706 2171 suerint
726 2125 933 2188 ingressi.

130 2217 256 2269 Haec
274 2227 426 2270 autem
450 2221 604 2270 omnia
640 2218 785 2269 nostri
809 2220 948 2283 figura
984 2226 1119 2278 sunt3
1158 2220 1275 2268 sicut
1303 2218 1534 2268 beneficia
1554 2216 1644 2268 illis

47 2299 279 2348 ,omnibus
315 2297 501 2357 collata,
545 2300 787 2362 gratiarum
816 2299 951 2348 nobis
986 2299 1202 2348 omnibus
1235 2296 1494 2347 collatarum
1531 2304 1645 2347 sunt

59 2376 225 2442 figurat
249 2378 314 2426 sic
341 2384 385 2426 et
409 2375 589 2426 illorum
614 2376 876 2441 temporalis
899 2378 1103 2441 punitio,
1130 2384 1316 2426 aeternae
1339 2373 1669 2428 Christiano-,

62 2469 165 2504 rum
187 2454 436 2517 punitionis
459 2453 617 2518 figura.
637 2450 688 2502 Si
710 2457 978 2503 necessariis
1003 2471 1105 2503 non
1136 2456 1369 2515 contenti,
1395 2470 1478 2519 per
1493 2453 1646 2518 gulam

61 2542 310 2594 peccemus
329 2529 445 2578 sicut
470 2537 516 2578 et
539 2528 615 2578 illi.

134 2631 184 2684 Si
212 2628 473 2685 efficiamini
499 2634 762 2695 idololatrae,
796 2637 913 2684 sicut
937 2634 1123 2700 quidam
1139 2651 1203 2684 ex
1220 2635 1353 2699 ipsis,
1382 2635 1457 2700 qui
1470 2629 1647 2701 Moyse

65 2710 258 2760 absente
272 2747 285 2771 ,
309 2710 499 2760 vitulum
526 2729 712 2761 aureum
733 2709 1078 2773 conflaverunt,
1099 2711 1433 2775 adoraverunt,
1453 2711 1649 2761 hostiis-

65 2807 158 2856 que
194 2791 382 2852 obtatis,
426 2791 643 2841 sederunt
681 2793 739 2841 ad
781 2791 1123 2842 comedendum
1156 2791 1411 2842 immolatas
1448 2783 1644 2843 earnes:

66 2869 237 2925 deinde
263 2880 556 2921 surrexerunt
590 2871 647 2920 ad
667 2871 924 2958 saltandum
948 2877 995 2920 et
1018 2870 1268 2922 ludendum
1291 2875 1411 2922 circa
1436 2870 1648 2923 vitulum.
