1760 3210
710 69 750 101 .
1727 0 1760 93 'l

134 130 245 186 290
451 127 634 166 PRIMAE
670 127 935 170 EPISTOLAE
969 128 1042 166 An
1076 130 1453 183 conm'rmos

213 203 422 256 Ostenso
445 203 592 266 mal0,
633 203 891 255 remedium
913 204 1123 268 praebet,
1155 204 1386 271 docetque
1401 174 1658 286 quomoda
1660 211 1760 266 ad

132 287 473 336 sanctissimam
510 278 846 353 Eucharistiam
883 281 1230 346 accedendum,
1266 301 1330 335 ne
1364 288 1479 355 tanti
1519 290 1733 366 critnims.

135 365 245 432 quis
268 379 371 412 reus
393 363 468 411 sit.
1648 404 1659 435 ξ

126 451 136 460 ·
208 437 537 504 Unusquisque
576 439 881 505 semetipsum
907 436 1072 503 probet
1109 445 1156 488 et
1190 439 1455 501 examinet,
1496 431 1760 519 suamque

137 518 466 567 conscientiam
488 514 693 568 studiose
716 524 972 575 scrutetur;
998 520 1169 567 attente
1191 515 1454 567 consideret
1472 534 1531 567 an
1554 521 1581 568 ὲ
1596 537 1718 585 peo-
1753 526 1760 567 ’ζ

145 597 259 644 catis
275 596 328 643 sit
353 611 478 657 pura.

205 669 337 721 Hinc
361 671 606 736 antiquitus
632 666 723 720 alta
752 687 870 719 voce
891 668 1153 718 dicebatur:
1180 666 1345 720 Sancta
1366 675 1552 723 sanctiS.

202 745 268 798 Et
292 749 434 798 taliter
456 747 700 812 probatus,
731 747 1016 797 examinatus
1038 754 1082 796 et
1108 756 1379 812 praeparatus
1414 769 1497 816 per
1532 752 1711 801 contri—-

130 828 310 877 tionem
327 834 371 876 et
389 824 732 875 confessionem
752 823 1126 874 sacramentalem
1147 823 1220 884 (si
1237 819 1562 901 sueritrpeccati
1575 822 1711 899 mor-
1758 892 1760 894 Ι

133 907 231 957 talis
247 906 510 966 conscius),
536 923 701 971 corpus
717 903 910 955 Domini
926 903 1196 967 manducet,
1213 912 1258 955 et
1281 908 1546 972 sanguinem
1564 910 1711 965 bibat.
1756 951 1760 956 .

202 982 269 1046 ψ,
298 1002 378 1052 29·
419 983 519 1047 ραι·
550 1000 674 1029 enim
717 980 1027 1030 manducat...
1072 977 1137 1029 Ut
1164 984 1375 1036 attentius
1416 1001 1468 1034 se
1514 987 1708 1066 quisque
1752 995 1754 998 ”

128 1062 324 1126 probet,
354 1060 550 1124 indignae
579 1060 915 1108 communioniS
935 1075 1119 1123 poenam
1142 1060 1393 1112 denuntiat.
1739 1117 1742 1119 ,

203 1135 396 1203 indigne
422 1136 606 1186 edendo
642 1143 686 1186 et
710 1136 916 1186 bibendo
943 1130 1281 1188 damnationem
1301 1155 1430 1189 suam
1455 1140 1503 1190 in
1541 1158 1592 1191 se
1615 1160 1703 1194 ac-
1752 1146 1760 1207 j.

125 1220 287 1276 cersit3
315 1216 747 1266 condemnationem
770 1234 897 1264 suam
925 1218 1011 1265 sibi
1032 1217 1270 1268 manducat
1289 1227 1334 1267 et
1355 1220 1505 1279 bibit3
1530 1221 1577 1270 id
1596 1229 1702 1286 est⁸
1747 1214 1760 1265 ’ἕ

62 1326 66 1328 -
126 1294 185 1343 ad
205 1303 419 1345 aeternam
439 1310 566 1341 suam
583 1293 923 1343 damnationem
947 1293 1188 1342 manducat
1206 1303 1252 1342 et
1277 1295 1412 1344 bibit.

197 1369 451 1439 Propterea
477 1371 600 1437 quod
624 1389 787 1437 corpus
808 1369 998 1421 Domini
1026 1374 1050 1418 a
1076 1388 1191 1432 pane
1212 1374 1446 1447 communi
1467 1391 1562 1424 non
1587 1367 1696 1427 dis·-
1755 1398 1760 1410 ³

119 1452 283 1500 cernit.
1751 1413 1760 1487 l

194 1526 382 1593 Ergone
403 1547 678 1597 quemquam
694 1527 1006 1595 damnandum
1024 1527 1215 1577 affirmat
1232 1524 1481 1594 Apostolus
1502 1540 1707 1597 propter¹
1748 1491 1760 1564 i

123 1607 364 1673 indignam
387 1607 598 1658 naturalis
620 1608 746 1670 panis
773 1607 1107 1676 comestionem
1123 1644 1137 1669 ,
1165 1614 1209 1655 et
1236 1610 1339 1673 quia
1362 1623 1456 1657 non
1478 1606 1707 1678 discreuitx'
1746 1566 1760 1674 i

118 1684 246 1734 illum
270 1689 294 1734 a
329 1702 445 1751 pane
467 1684 730 1743 communi,
759 1683 796 1731 si
819 1681 878 1731 de
900 1679 1019 1730 sacto
1044 1683 1172 1746 panis
1200 1689 1374 1734 tantum
1398 1690 1499 1745 est,
1530 1691 1576 1732 et
1597 1687 1695 1734 non

119 1763 299 1814 realiter
322 1780 486 1828 corpus
511 1760 736 1811 Domini?
871 1755 874 1758 ⁴

189 1837 307 1898 Sed,
340 1831 775 1906 inquitCalvinista‚
800 1838 949 1902 imago
966 1839 1170 1903 corporis
1204 1837 1422 1888 dominici
1453 1847 1553 1888 est:
1581 1834 1693 1906 quid

117 1937 229 1984 ergo
253 1918 310 1967 de
333 1925 377 1966 te
404 1917 516 1977 fiet,
541 1932 765 1966 sacrarum
788 1917 1036 1980 imaginum
1058 1916 1376 1967 destructore?
1401 1914 1692 1983 quocumque

117 2007 165 2049 te
188 2006 361 2057 vertas,
390 1996 462 2045 his
489 1994 699 2062 Apostoli
725 1997 877 2044 verbis
895 1993 1187 2046 confodieris.
1756 2051 1760 2065 ,Ι

187 2071 244 2130 fi.
280 2076 359 2126 30.
387 2075 497 2123 Ideo
523 2075 664 2122 multi
699 2072 914 2138 insu-mi..
920 2071 1023 2123 .Ut
1064 2091 1144 2123 eos
1178 2074 1433 2127 sensibilius
1455 2082 1605 2141 tangat
1628 2077 1689 2129 ad
1758 2074 1760 2087 '

113 2159 463 2224 poenitentiam,
483 2153 616 2217 hujus
632 2153 785 2216 judicii
807 2155 1150 2203 exsetutionem
1175 2155 1221 2202 in
1246 2151 1404 2204 eorum
1430 2155 1622 2206 infirmis
1641 2164 1687 2208 et

112 2237 308 2285 mortuis
337 2232 655 2283 animadvertit
684 2239 728 2281 et
756 2230 962 2281 exbibet.

183 2314 296 2362 Ideo
313 2348 328 2371 ‚
361 2313 462 2376 quia
488 2309 674 2373 indigne
698 2311 957 2358 communic
961 2315 1036 2357 ant
1060 2316 1104 2357 et
1130 2308 1348 2371 juditium
1371 2310 1460 2358 sibi
1479 2303 1701 2361 manda?

103 2400 240 2449 cant,
261 2391 399 2439 multi
415 2391 629 2439 intervos
644 2387 857 2453 languent
877 2394 923 2436 et
944 2393 1187 2451 aegrotant,
1208 2395 1255 2437 et
1276 2389 1510 2481 immatura
1527 2380 1684 2443 morte
1744 2391 1747 2420 ’·

106 2470 380 2520 moriuntur.
1690 2516 1696 2522 ι

178 2540 311 2595 Sicut
354 2541 558 2594 Ananias
582 2549 629 2591 et
658 2537 883 2606 Sapphira
917 2547 1026 2588 tunc
1062 2540 1281 2604 temporis
1300 2575 1314 2602 ,
1344 2541 1414 2590 ob
1424 2539 1597 2592 furtum
1632 2550 1682 2594 et

102 2624 395 2675 mendacium
416 2630 563 2671 morte
583 2622 727 2687 puniti
753 2628 887 2681 sunt,
914 2619 972 2668 ad
995 2619 1183 2668 aliorum
1211 2620 1509 2684 exemplum;
1538 2625 1605 2673 sic
1632 2629 1680 2674 et

99 2696 241 2752 multi
256 2697 606 2752 Corinthiorum
630 2699 939 2765 tempoialiter
958 2700 1093 2747 variis
1113 2699 1403 2764 languoribus
1418 2708 1463 2750 et
1480 2703 1676 2765 morbis,

99 2781 199 2830 imo
227 2786 272 2828 et
304 2786 452 2827 morte
489 2779 634 2844 puniti
673 2775 884 2836 suerunt,
921 2774 983 2823 ob
1008 2774 1243 2839 indignam
1266 2779 1675 2835 communionem,

98 2859 161 2909 ad
177 2859 363 2910 aliorum
376 2858 774 2923 emendationem,
796 2864 841 2908 et
859 2855 917 2905 ad
930 2852 1205 2907 Christianae
1218 2854 1476 2923 Religionis
1498 2857 1676 2909 verita-

93 2946 195 2990 tem
221 2935 595 2992 confirmandam.
676 2942 680 2944 ’
