1760 3210
415 91 652 138 ‘ramum
673 98 950 139 uxuosrrro.
989 83 1110 152 Cap.
1145 86 1240 139 XI.
1524 85 1624 140 263
1650 109 1657 135 e

121 166 222 220 Vbs
243 186 352 236 ergo
368 207 382 234 ,
410 173 615 244 cum-sic
638 173 937 237 dissidenteS‚
970 177 1018 226 in
1045 177 1286 227 ecclesiam
1316 177 1628 229 conveniatis,

49 265 160 301 sane
171 247 467 308 Dominicam
487 272 666 308 coenam
675 274 771 307 non
787 256 1127 318 celebratis‚sed
1142 255 1253 324 quid
1269 259 1313 307 ei
1328 260 1622 309 contrarium.
1651 291 1657 295 ->

115 342 364 401 Dominica
392 352 520 402 enirn
559 369 688 403 coena
729 353 972 423 omnibus,
1011 356 1148 403 etiam
1187 350 1328 403 Judae
1361 354 1615 419 proditori,
1647 400 1651 404 Α

49 431 306 480 communis
328 429 413 482 suit
433 451 446 481 ε
469 433 776 497 unusquisque
800 439 952 483 autem
985 431 1189 483 vestrum
1222 449 1351 482 suam
1386 436 1618 499 propriam

49 517 227 555 coenam
250 509 485 572 anticipat,
510 525 605 556 non
624 510 895 573 exspectatis
918 509 1040 568 aliis;
1062 510 1184 560 unde
1207 511 1287 572 fit,
1311 520 1359 562 ut
1376 509 1485 561 alius
1503 529 1617 563 esu-

50 577 294 639 riat‚dum
313 579 424 630 alius
445 580 682 649 plusquam
700 586 805 633 satis
826 585 1115 636 manducavit
1137 594 1182 636 et
1205 587 1338 638 bibit.

114 653 165 705 Si
183 649 251 706 sic
271 665 422 708 vestra
440 659 531 710 soli
542 661 673 711 vultis
691 662 936 713 comedere
956 701 970 726 ‚
1009 672 1055 715 et
1090 681 1175 714 vos
1201 666 1472 730 ingurgitare
1489 701 1505 726 ‚
1536 682 1615 715 cur
1647 694 1650 699 -

48 729 99 780 id
113 730 240 781 domi
265 749 359 784 non
378 733 541 798 facim,
569 737 646 786 ubi
668 741 836 788 minori
866 756 971 790 cum
989 747 1179 805 peccato
1204 740 1254 791 id
1275 739 1509 804 ageretis?

114 802 198 859 An
218 825 327 874 ergo
348 819 608 863 sanctorum
633 811 1053 880 Congregationem
1081 815 1360 882 vilipenditis
1377 852 1392 878 ‚
1436 814 1540 865 haec
1566 817 1615 867 in

48 901 207 936 eorum
228 895 475 953 conspectu
503 893 616 941 etin
644 892 742 942 loco
770 902 926 943 sancto
951 894 1294 959 perpetrantes?

0 1026 1 1042 ἢ
113 962 196 1018 Au
223 968 399 1033 pudore
427 970 560 1021 vultis
575 971 838 1024 suffundere
863 991 1108 1043 pauperes,
1139 977 1243 1043 qui,
1267 976 1370 1043 quia
1393 972 1508 1024 nihil
1520 972 1610 1024 ha—

46 1046 176 1106 berit,
198 1045 312 1096 nihil
330 1047 571 1100 attulerunt
591 1045 618 1100 't'
1282 1049 1287 1055 ’

116 1121 247 1188 Quid
264 1126 410 1178 dicam
431 1129 565 1178 vobis
579 1122 683 1180 haec
699 1130 998 1184 facientibus?
1016 1130 1238 1183 Laudabo
1257 1133 1378 1184 vos?
1396 1136 1505 1183 sane
1521 1149 1610 1184 nec

0 1220 1 1225 ¹
42 1201 204 1265 laudo,
232 1221 322 1254 nec
339 1203 554 1256 laudabo.
1134 1263 1138 1265 ,
1389 1266 1394 1272 x

50 1350 59 1356 ἣ
114 1284 322 1342 Laudavi
342 1293 475 1355 supra
503 1285 572 1352 Y.
595 1309 671 1353 2.‚
699 1292 801 1357 quia
823 1291 1115 1342 traditionum
1137 1293 1456 1343 observatores
1481 1312 1494 1340 ε
1532 1291 1612 1342 hlc

44 1371 196 1415 autem
237 1384 330 1416 non
371 1366 502 1419 laudo
517 1404 530 1429 ‚
578 1372 681 1434 quia
723 1368 1014 1419 traditionum
1034 1372 1102 1420 sic
1141 1370 1292 1420 oblitis
1327 1373 1464 1433 estis,
1491 1377 1541 1419 ut
1561 1376 1611 1418 et

42 1446 210 1511 scripto
233 1462 367 1511 cogar
387 1448 520 1497 vobis
547 1446 725 1497 tradere
741 1485 756 1508 ‚
781 1447 904 1513 quod
925 1447 1070 1497 verbo
1093 1447 1244 1498 docui.

111 1520 215 1590 Ego
229 1527 361 1591 igitur
382 1529 567 1592 accepi,
595 1545 689 1577 non
709 1528 765 1576 ab
779 1526 1065 1590 hominibus,
1087 1527 1171 1577 sed
1186 1529 1242 1576 ab
1264 1528 1366 1591 ipso
1379 1522 1604 1585 Domin0‚

39 1601 132 1652 hoc
150 1605 299 1668 ipsum
333 1605 456 1672 quod
477 1603 583 1656 viva
602 1623 718 1656 voce
742 1606 904 1656 tradidi
923 1606 1072 1656 vobiS.
1102 1603 1311 1663 Scilicet,
1342 1605 1465 1671 quod
1485 1607 1532 1655 in
1556 1621 1609 1654 ea

39 1680 138 1746 ipsa
154 1689 292 1730 nocte
308 1719 321 1742 ,
349 1681 436 1746 qua
459 1683 719 1733 tradebatur
747 1684 806 1732 ad
842 1692 1037 1734 mortem
1054 1721 1074 1743 ,
1099 1680 1335 1733 Dominus
1358 1679 1494 1731 Jesus
1519 1699 1603 1733 ac-

38 1760 159 1824 cepit
181 1776 345 1825 panem
374 1763 421 1810 in
446 1764 672 1812 manibus.
850 1831 854 1834 ι

108 1834 171 1888 Et
199 1836 306 1889 Deo
323 1837 452 1905 Patri
477 1845 637 1907 gratias
660 1859 816 1908 egem,
848 1841 980 1910 fregit
1013 1846 1061 1895 in
1079 1841 1323 1895 duodecim
1355 1852 1523 1911 partes,
1557 1852 1605 1895 et

37 1907 512 1978 distribuensidixit:
554 1916 766 1986 Accipite
809 1928 855 1971 et
881 1922 1183 1985 manducate,
1206 1922 1298 1972 hoc
1317 1932 1403 1984 est,
1435 1939 1601 1988 corpus

37 2008 195 2041 meum
210 2029 222 2054 ‚
240 1994 363 2058 quod
381 2011 463 2058 pro
478 1996 621 2044 vobis
637 1997 694 2046 ad
705 2006 904 2048 mortem
919 2000 1119 2051 tradetur
1139 2020 1152 2048 z
1169 1999 1258 2049 hoc
1270 2003 1419 2064 ipsum
1437 2038 1451 2061 .,
1477 1998 1604 2066 quod
1624 2022 1629 2030 ²

32 2071 326 2137 nuncago,id
347 2089 429 2134 vos
448 2083 494 2125 et
514 2077 656 2133 vestri
673 2093 975 2141 successores,
993 2077 1125 2128 facite
1149 2081 1196 2129 in
1210 2079 1302 2128 mei
1316 2079 1604 2129 memoriam.

103 2144 320 2211 Similiter
340 2157 386 2199 et
412 2150 597 2201 calicem
618 2157 793 2219 accepit
814 2157 860 2203 in
882 2156 1110 2219 manibus,
1135 2164 1376 2222 postquam
1401 2158 1600 2207 coenavit

35 2223 222 2275 dicens:
248 2225 343 2276 Hic
366 2229 482 2280 calix
502 2267 515 2291 ‚
539 2248 620 2281 seu
642 2242 911 2283 contentum
931 2237 978 2284 in
1002 2234 1092 2284 hoc
1114 2235 1275 2294 calice,
1294 2251 1471 2283 novum
1492 2242 1598 2283 tes-

33 2306 286 2354 tamentum
304 2314 401 2370 est,
421 2323 500 2357 seu
527 2311 639 2358 novi
663 2308 846 2359 soederis
865 2313 1216 2377 instrumentum
1249 2309 1560 2362 authenticum
1575 2347 1591 2371 ‚

29 2379 79 2427 in
99 2383 319 2444 sanguine
346 2399 480 2446 meo,
507 2383 583 2433 hic
599 2386 770 2435 incluso
787 2423 800 2448 ‚
831 2390 1162 2452 consignatum.

24 2511 36 2515 „
101 2444 213 2498 Hoc
235 2451 358 2515 quod
380 2469 466 2516 ego
488 2452 574 2502 feci
592 2491 604 2513 ‚
628 2472 714 2503 vos
736 2455 866 2504 facite
883 2495 896 2519 ‚
922 2456 1059 2522 idque
1086 2461 1131 2507 in
1159 2460 1447 2509 memoriam.

98 2524 174 2578 Ex
193 2530 327 2580 relata
347 2534 627 2584 institutione
653 2545 696 2586 et
722 2555 781 2587 ex
814 2538 904 2587 fine
942 2539 1234 2588 institutionis
1256 2555 1337 2603 per
1359 2534 1595 2588 Christum

27 2602 251 2667 indicato,
282 2607 447 2658 videtis
477 2612 597 2676 quud
619 2611 709 2663 hoc
727 2612 1072 2666 Sacramentum
1095 2619 1153 2668 sit
1180 2613 1440 2667 Dominicae
1478 2633 1594 2683 pas-

27 2682 170 2730 sionis
188 2687 468 2736 memoriale.

98 2755 488 2830 Quotiescumque
512 2783 618 2832 crgo
652 2766 776 2818 hunc
790 2787 955 2835 panem
975 2789 1151 2822 sacrum
1175 2771 1429 2834 comeditis,
1450 2781 1496 2823 et
1513 2791 1597 2824 ca-

25 2834 158 2885 licem
182 2836 372 2890 Domini
389 2842 562 2906 bibitis,
591 2855 785 2896 mortem
806 2845 995 2898 Domini
1016 2854 1285 2902 annuntiare
1299 2851 1605 2915 debetis‚d0‹1

25 2914 177 2963 necad
189 2915 586 2978 judiciumveniat.
609 2920 718 2972 Heu
735 2930 950 2990 quantum
970 2928 1156 2994 abestis,
1168 2933 1193 2979 a
1209 2927 1453 2981 Dominica
1467 2948 1595 2982 coena
