1760 3210
63 97 166 151 270
403 96 586 136 PmMAE
629 95 893 134 EPISTOLAE
914 96 985 134 An
1019 95 1332 134 CORINTHIOS
1403 124 1407 134 -,

139 167 188 220 T
192 186 285 220 unc
311 169 520 219 nondum
557 177 651 220 erat
677 168 962 220 introductus
997 187 1100 220 mos
1126 166 1401 220 decantandi
1422 167 1653 235 psalmoS,
1706 163 1716 197 ³³

74 247 158 300 secl
181 251 227 298 in
265 247 573 297 conventibus
599 246 797 312 publicis*
815 249 960 297 oratio
983 249 1041 297 ab
1067 264 1162 298 uno
1197 247 1378 314 publice
1395 245 1541 302 fiebat
1569 264 1655 314 pro
1681 259 1683 263 ’
1724 283 1729 286 -

73 327 320 381 omnibus;
364 342 490 374 sacra
525 321 756 391 Scriptura
795 324 1034 391 legebatur
1071 335 1119 377 et
1154 325 1492 392 exponebatur.
1519 322 1657 380 Vide
1726 355 1734 392 t

71 420 174 468 cap.
202 403 282 464 14.
308 396 377 462 Y.
399 402 484 453 23.
509 411 602 453 etc.

138 477 195 530 Id
215 488 367 530 autem
382 518 396 542 ‚
418 480 538 547 apud
555 478 827 532 Corinthios
841 519 858 545 ‚
880 483 966 532 viri
985 481 1137 533 velato
1159 484 1308 547 capite
1329 482 1647 548 praestabant:

71 559 263 625 quibuS,
286 560 410 623 juxta
434 560 711 626 prIncipium
730 563 863 625 supra
890 561 1090 626 positum
1105 595 1118 621 ,
1158 575 1261 609 sese
1283 561 1476 624 opponit
1499 553 1643 624 Apo·

70 637 232 698 stolus,
251 636 409 688 dicens
431 656 444 686 ε

82 720 92 732 ’
146 717 316 766 Omnis
334 721 411 767 vir
425 736 568 766 omns
589 718 772 784 publice
791 754 805 780 ,
831 727 907 769 aut
930 716 1234 785 Prophetiam
1251 718 1410 784 legens
1428 726 1476 769 et
1495 715 1653 783 expli-

75 813 212 857 cans,
243 795 318 845 vel
353 795 536 862 quidvis
560 787 682 846 aliud
716 814 775 846 ex
803 793 1057 861 Scriptura,
1099 798 1137 845 si
1177 804 1310 860 caput
1343 813 1475 845 suurn
1499 794 1677 854 velet,.

75 875 295 939 deturpat
312 874 447 935 illud,
475 874 522 924 id
546 882 634 935 est,
666 872 806 924 afficit
827 873 1055 923 dedecore
1075 892 1087 922 z
1113 873 1219 938 quia
1240 872 1351 936 tegit
1373 870 1498 933 illud,
1531 871 1661 937 quasi

75 951 244 1001 servile
272 950 407 1002 foret.

146 1024 297 1092 Caput
320 1036 474 1091 tegere
509 1033 580 1075 est
614 1033 887 1091 potestatem
908 1028 1042 1094 capiti
1065 1028 1328 1094 imponere3
1363 1043 1473 1076 nam
1496 1027 1658 1092 capitis

78 1107 396 1164 tegumentum
429 1109 497 1150 est
529 1101 831 1152 dominatoris
863 1106 994 1166 vice,
1031 1106 1303 1170 signumque
1327 1103 1656 1167 subjectionis,

78 1181 141 1229 ait
165 1175 564 1245 'sheophylactus.

149 1252 289 1305 Tales
318 1272 427 1319 ergo
453 1257 538 1305 viri
559 1254 800 1321 deturpant
823 1264 955 1322 caput
977 1274 1109 1307 suum
1127 1296 1139 1319 ,
1171 1258 1219 1307 id
1235 1265 1331 1317 est,
1358 1257 1659 1323 sibimetipsis

51 1336 56 1339 ’
78 1332 251 1384 faciunt
273 1334 512 1396 injuriam,
539 1336 642 1399 quia
659 1333 788 1383 liberi
815 1338 919 1383 cum
939 1336 1030 1383 sint
1055 1343 1102 1383 et
1136 1335 1340 1400 domini,
1369 1350 1472 1384 sese
1497 1340 1661 1400 tegunt
1733 1370 1739 1385 1

81 1413 207 1479 quasi
229 1427 390 1462 servos
417 1419 463 1461 et
484 1410 611 1461 alteri
648 1412 880 1472 subditos3
907 1413 1066 1476 sicque
1098 1430 1193 1464 suae
1215 1413 1436 1479 derogant
1456 1412 1659 1479 praecel-
1731 1426 1735 1441 ’

63 1489 251 1539 lentim.

151 1566 309 1634 Aliqui
327 1568 487 1619 volunt
509 1570 554 1620 id
573 1568 830 1635 intelligide
847 1571 992 1635 capite
1009 1567 1195 1632 morali,
1218 1562 1410 1620 Christo
1423 1562 1658 1632 Domino',
1731 1622 1735 1624 ,

81 1647 141 1699 de
165 1667 268 1717 quo
278 1643 326 1699 in
348 1667 482 1700 versu
505 1651 819 1716 praecedenti,
850 1651 975 1715 quasi
1003 1643 1216 1700 Christus
1237 1646 1468 1699 Dominus
1498 1646 1662 1712 iniuria
1746 1675 1748 1677 r

82 1721 308 1778 afficiatur
332 1726 424 1778 hoe
439 1727 592 1778 sacto:
613 1729 729 1779 sed'
719 1746 815 1794 ipse
840 1736 992 1778 textus
1013 1730 1059 1776 in
1083 1746 1219 1778 versu
1243 1729 1478 1792 sequenti,
1502 1726 1583 1777 ubi
1600 1724 1662 1776 de
1756 1720 1760 1754 ³

80 1807 377 1868 mulieribuS,
410 1807 581 1857 indicat
611 1806 734 1872 quod
758 1807 815 1857 de
850 1806 1039 1858 naturali
1071 1810 1218 1874 capite
1242 1805 1410 1855 debeat
1439 1803 1657 1868 intelligi,

83 1901 171 1944 eo,
197 1902 288 1950 quo
305 1884 475 1934 dictum
497 1891 596 1944 est,
625 1883 784 1934 modo.
1742 1883 1746 1891 ’

152 1961 221 2025 Y.
247 1964 296 2015 5.
321 1965 488 2013 Omnis
506 1973 665 2012 autem
687 1983 752 2013 mi
744 1967 900 2016 '’altcr..
1736 2007 1751 2026 ᾗ

154 2041 300 2094 Erant
319 2052 427 2094 tunc
446 2052 492 2094 et
512 2043 725 2094 mulieres
747 2044 1111 2110 prophetantes,
1139 2050 1188 2093 ut
1209 2041 1318 2092 filiae
1338 2037 1577 2106 Philippi,
1602 2001 1664 2090 de
1740 2053 1741 2056 ’

85 2123 250 2188 quibus
272 2117 380 2171 Act.
397 2138 438 2171 c.
459 2140 538 2171 21.
556 2140 603 2190 9.
628 2130 670 2171 et
691 2121 813 2182 alise,
838 2121 895 2171 de
916 2122 1080 2186 quibus
1103 2119 1311 2185 praedixit
1327 2113 1454 2168 Joel.
1476 2137 1523 2167 2.
1544 2115 1661 2167 28.;

82 2201 132 2251 id
163 2209 316 2251 autem
337 2199 500 2249 mulier
520 2206 678 2265 aperto
701 2217 798 2264 cap·
788 2202 848 2250 :te
872 2198 1075 2260 faciens,
1101 2197 1376 2261 sibimetipsi
1400 2193 1542 2245 facit
1530 2196 1675 2259 {niu--

83 2281 230 2339 riam,
261 2295 365 2327 sese
382 2276 519 2327 afficit
549 2277 1649 2341 ignominia..

157 2353 281 2420 Quia
308 2354 500 2447 perinde
519 2363 588 2404 est
617 2373 677 2403 ac
700 2357 744 2403 ei
762 2356 1036 2405 decalvetur.
1060 2350 1154 2404 Seu
1180 2340 1274 2403 hoe
1296 2352 1356 2403 illi
1381 2355 1512 2420 aeque
1533 2360 1666 2418 turpe

89 2443 192 2494 est,
219 2452 272 2484 ac
292 2437 330 2484 si
354 2451 451 2484 rasa
474 2443 518 2483 et
541 2432 774 2484 decalvata
797 2440 1062 2502 appareret,
1104 2431 1229 2497 quod
1262 2434 1372 2481 sane
1400 2430 1668 2482 mulieribus

87 2514 384 2582 probrosum.

158 2588 224 2653 Y.
244 2590 293 2641 6.
319 2588 451 2640 Nam
473 2592 519 2640 .ςί
537 2610 631 2640 ηοη
659 2593 846 2641 velatur
865 2586 1047 2640 mulier.
1071 2587 1160 2641 Gr.
1184 2591 1320 2639 etiam
1344 2588 1601 2639 tondeatur.
1617 2584 1669 2639 Si

87 2673 213 2722 enim
239 2670 451 2721 velamen
476 2671 583 2720 illud
609 2671 763 2733 abjicit
782 2671 904 2739 quod
928 2669 1155 2720 modestia
1171 2671 1399 2740 suggerit,
1424 2670 1604 2734 abjiciat
1621 2674 1671 2718 et

87 2749 197 2800 illud
219 2748 345 2816 quod
368 2757 524 2798 natura
546 2748 689 2798 dedit.

159 2837 388 2904 Supponit
420 2837 546 2905 quod
581 2838 842 2905 capi'tlitium
873 2839 1051 2905 longius
1074 2844 1119 2887 et
1153 2837 1386 2903 copiosius
1419 2834 1575 2885 datum
1601 2841 1674 2885 est

92 2918 298 2982 mulieri,
323 2921 447 2985 quasi
471 2918 706 2986 quoddam
723 2920 923 2970 naturale
942 2920 1152 2971 velamen
1173 2953 1187 2981 ,
1214 2916 1342 2983 quod
1363 2932 1465 2967 eam
1487 2915 1675 2979 doceat,
