1760 3210
414 73 644 133 Δἰ·ιμι)ι,ι;ιι
678 70 965 126 ιιιιιιοειτιο.
1001 54 1120 118 Cap.
1141 53 1286 104 XIV.
1529 54 1631 110 361

40 215 43 218 ψ
70 208 71 212 Ἰ
135 150 297 222 Aliqui
315 152 448 216 igitur
461 149 636 217 donum
655 142 888 199 habebant
907 145 1073 208 ignotis
1090 143 1251 207 linguis
1270 140 1638 209 loquendi,quas

70 225 168 293 non
190 233 526 301 intelligebant,
560 235 642 296 aut
674 243 786 293 quas
821 224 981 275 saltem
1006 240 1102 273 non
1140 231 1353 289 poterant
1379 223 1636 290 explicare;

62 298 257 377 'hocque
273 311 300 358 a
316 303 483 373 Spiritu
500 311 680 354 sanctO.

48 400 53 403 “
141 382 200 447 fi.
230 391 324 467 tl,-
361 389 505 441 Nam
518 389 563 437 si
598 403 766 436 orem..
784 380 919 434 ,Dat
938 386 1162 434 rationem
1185 384 1247 432 ob
1287 402 1421 450 quam
1443 385 1646 437 debeant

75 479 237 541 petere
259 469 445 535 gratiam
464 462 818 530 interpretandi;
845 477 945 527 quae
963 463 1274 527 interpretatio
1299 470 1368 512 est
1384 471 1507 513 actus
1524 480 1648 527 pro-

77 550 275 620 pheriae,
299 556 348 599 ut
367 546 542 596 dictum
561 552 661 604 est,
686 541 751 607 ss.
777 540 825 592 5.

147 624 380 691 Simulque
398 620 523 672 nova
543 623 720 671 ratione
749 620 911 684 probat
937 618 1229 684 prophetiam
1252 634 1354 668 esse
1387 618 1513 669 dono
1551 619 1646 672 lin-

77 717 267 770 guarum
278 697 523 759 utiliorem,
543 713 637 746 non
649 699 825 745 tantum
839 694 898 744 ad
914 693 1314 755 exhortationem,
1341 704 1390 746 ut
1411 693 1651 760 hucusque

79 778 323 850 probatum
345 783 443 836 est,
468 773 553 825 sed
581 782 625 824 et
646 773 703 823 ad
726 774 1005 836 orationem,
1036 780 1085 822 ut
1107 772 1185 822 hic
1210 775 1368 838 incipit
1387 772 1651 825 ostendere.

153 852 429 905 Exhortatio
449 860 496 903 et
517 857 660 903 oratio
676 869 757 917 per
777 850 974 916 linguam
993 858 1261 913 exercetur,
1279 851 1362 901 sed
1382 854 1481 902 sine
1503 854 1652 902 inter-

83 935 339 1001 pretatione
374 949 475 998 quae
503 939 570 981 est
595 939 719 981 actus
755 929 1042 996 prophetiae,
1082 937 1269 994 utraque
1306 932 1457 979 minus
1494 927 1653 979 utilis.

27 1042 29 1044 -
88 1027 194 1060 cum
230 1011 602 1075 interpretatione
626 1011 737 1060 vero
760 1007 910 1058 utilior
949 1015 1017 1058 est
1045 1015 1234 1072 utraque
1273 1026 1284 1056 ε
1319 1025 1429 1074 ergo
1453 1008 1655 1074 petenda

48 1149 53 1155 ,
86 1091 416 1157 interpretatio.

47 1163 80 1190 ’·
160 1165 283 1233 Quia
308 1175 460 1218 autern
486 1170 659 1228 oratio,
691 1167 768 1218 vel
788 1169 962 1234 privata
983 1175 1078 1230 est,
1120 1167 1303 1234 quando
1343 1169 1442 1235 quis
1476 1176 1573 1218 orat
1608 1169 1659 1218 in

86 1246 243 1313 ‘seipso
267 1253 312 1296 et
337 1262 419 1310 pro
435 1262 515 1303 se;
539 1244 614 1295 vel
631 1245 814 1309 publica
832 1281 846 1305 ,
869 1245 1051 1310 quando
1074 1248 1177 1310 quis
1200 1253 1296 1295 orat
1316 1262 1469 1295 coram
1491 1244 1662 1312 populo

52 1391 54 1393 ‚
93 1333 141 1396 et
160 1341 247 1392 pro
266 1323 384 1386 aliis,
401 1331 450 1373 ut
470 1325 531 1372 ait
547 1320 609 1381 D.
635 1319 862 1372 Thomas.

57 1437 67 1446 ι
165 1402 244 1457 De
277 1412 466 1470 utraque
491 1394 694 1452 oratione
726 1403 825 1468 agit
862 1403 1146 1466 successive,
1178 1401 1234 1452 de
1261 1404 1439 1465 privata
1472 1403 1575 1467 hic,
1600 1398 1665 1454 de

95 1462 301 1554 publica,
333 1475 391 1532 Ῠ.
419 1479 496 1531 ι.6

166 1558 327 1627 Itaque
351 1562 427 1625 qui
455 1557 627 1607 donum
652 1555 903 1620 linguarum
925 1554 1065 1623 habet
1081 1593 1094 1619 ,
1121 1562 1244 1619 petat
1270 1563 1317 1604 et
1343 1558 1670 1622 interpretandi

98 1637 308 1689 donum:
333 1638 436 1705 quia
462 1635 566 1685 haec
589 1635 915 1701 interpretandi
937 1636 1075 1699 grafia
1101 1636 1186 1698 ipsi
1209 1634 1398 1686 habenti
1419 1636 1670 1702 linguarum

59 1774 62 1780 ,
91 1710 275 1769 ‘donum
289 1717 547 1767 necessaria
567 1715 624 1764 ad
647 1715 806 1765 melius
832 1723 878 1764 et
900 1715 1050 1764 utilius
1071 1715 1309 1766 orandum.

171 1789 324 1845 Ναηϊ
344 1794 410 1851 sl,
440 1809 554 1858 ego,
584 1809 630 1841 v.
656 1810 718 1857 g.,
749 1792 961 1857 privatim
987 1810 1110 1840 orem
1146 1790 1306 1855 lingat}
1332 1792 1447 1844 mihi
1483 1791 1671 1858 ignota,

104 1889 184 1924 seu
210 1889 368 1937 preces
389 1873 536 1921 bonas
559 1869 769 1936 quidem,
792 1869 874 1919 sed
898 1868 1048 1934 lingua
1074 1869 1188 1920 mihi
1211 1870 1365 1935 ignota
1389 1871 1635 1936 proferam;

63 1947 65 1949 ’
174 1943 382 2014 Spiritus
407 1964 535 1995 meus
555 1955 682 2006 orat,
709 1945 756 1995 id
779 1953 877 2008 est,
903 1945 1090 1996 affectus
1108 1964 1263 2008 mem,
1293 1965 1370 1997 cor
1387 1965 1568 2010 meum,
1587 1967 1680 1999 vo-

106 2023 254 2078 luntas
279 2044 381 2076 mea
413 2029 438 2075 a
473 2022 642 2090 Spiritu
665 2032 822 2079 sancto
848 2032 998 2086 mota,
1028 2036 1124 2077 orat
1149 2025 1334 2091 quidem
1369 2045 1380 2074 :
1417 2018 1498 2077 seu
1526 2029 1678 2078 anima

107 2122 214 2157 mea
235 2104 293 2155 ad
315 2100 468 2153 Deum
490 2101 710 2163 afficitur,
755 2098 862 2152 Deo
885 2105 1064 2165 unitur,
1101 2103 1159 2152 ad
1192 2100 1347 2152 Deum
1369 2103 1569 2154 elevatur
1590 2121 1675 2172 per

111 2182 284 2235 donum
301 2183 568 2246 linguarum.

178 2257 380 2312 Sumitur
396 2258 474 2309 hic
497 2260 718 2324 spiritus,
744 2267 794 2309 ut
815 2255 1044 2323 Act.18,
1076 2261 1171 2324 23,
1203 2223 1281 2311 ubi
1316 2255 1494 2326 Apollo
1517 2260 1679 2310 dicitur

112 2342 274 2406 spiritu
297 2338 496 2389 fervens.

182 2417 322 2466 Mens
347 2423 504 2478 autem
527 2432 665 2474 mea,
693 2413 742 2463 id
764 2422 862 2475 est,
886 2414 1140 2464 intellectus
1163 2432 1323 2476 meus,
1352 2417 1459 2479 quia
1485 2433 1580 2465 non
1602 2418 1683 2466 in-

114 2494 302 2565 telligit,
325 2493 426 2542 εἰπε
443 2476 614 2555 fructu
640 2500 737 2552 est,
766 2492 813 2542 id
835 2500 933 2554 est,
968 2496 1066 2543 sine
1101 2492 1246 2545 fructu
1283 2493 1571 2558 resectionis,
1620 2498 1682 2546 ait

113 2568 181 2625 D.
206 2562 443 2622 Thomas:
466 2586 546 2619 seu
572 2585 668 2618 non
689 2568 950 2619 aedificatur.

93 2640 95 2644 ⁴
185 2643 380 2699 Fructus
400 2647 568 2707 mentis
607 2653 674 2695 est
712 2645 988 2711 intelligere,
1029 2652 1087 2696 et.
1109 2645 1406 2711 intelligendo
1430 2648 1685 2714 .refiei,-ait

117 2721 291 2778 Est-ius,
910 2774 912 2776 ,

188 2797 392 2877 Μετεοι·
426 2804 612 2871 quidem
644 2807 710 2861 sic
743 2823 878 2858 orans
896 2842 912 2870 ,
956 2807 1041 2858 sed
1063 2822 1158 2857 non
1181 2804 1398 2856 reficior:
1429 2805 1591 2866 melius
1616 2812 1687 2856 est

75 2872 81 2879 ⁵
120 2891 273 2936 autem
293 2885 463 2935 mereri
486 2890 531 2935 et
549 2883 698 2949 refici,
726 2887 861 2952 quam
888 2888 1054 2938 mereri
1082 2887 1273 2939 tautirm.
1438 2948 1471 3002 6

392 2965 445 3008 11·
1406 2967 1430 3001 ἶ
