1760 3210
112 85 220 141 316
467 104 648 140 mmm
680 103 942 144 uursrouz
970 106 1049 144 ⁴u>
1067 107 1394 148 coarmatos

121 180 192 230 rio
222 177 363 230 multa
385 184 432 228 et
466 179 589 227 varia
621 174 808 247 requirit
844 182 1052 233 membra
1067 217 1107 241 ,-
1134 180 1345 234 distincta
1377 193 1426 236 et
1457 187 1714 246 differentia

124 267 229 317 loeo
251 262 298 306 et
333 270 553 316 munere,
584 252 666 303 alia
702 258 964 322 superiora,
1009 256 1093 307 alia
1118 259 1362 318 interiora;
1389 261 1453 310 ita
1474 269 1636 317 tamen
1658 277 1711 320 ut

126 336 282 386 omnia
304 333 395 382 sint
420 330 653 397 aequaliter
675 337 877 398 corporis
891 337 1101 386 membra
1130 337 1397 404 ,aequaliter
1413 339 1477 391 de
1495 358 1708 412 corpore,

125 424 172 466 et
195 411 431 479 aequaliter
456 413 610 461 omnia
624 411 756 461 simul
776 431 918 465 unum
944 424 989 466 et
1017 415 1142 466 idern
1171 433 1354 483 corpus·

197 496 310 550 Hoc
330 496 602 564 generaliter
623 496 854 550 affirmans
875 496 1164 565 Apostolus,
1181 497 1391 553 affirmat
1406 511 1453 554 et
1475 459 1712 569 speciatim

130 576 256 645 quod
275 574 564 641 probandum
579 573 718 626 habet
741 576 800 626 de
826 573 1032 628 Ecclesia
1050 617 1065 642 ‚
1090 579 1260 630 scilicet
1275 617 1289 642 ,
1307 581 1432 646 quod
1450 586 1710 635 necessario

127 657 357 712 Ecclesiae
380 675 548 723 corpus
570 658 711 709 habet
733 659 869 710 multa
888 668 934 710 et
957 664 1079 711 varia
1098 670 1144 711 et
1163 661 1345 712 diversa
1367 665 1592 725 membra,
1606 667 1710 717 situ

129 746 176 789 et
201 738 353 789 officio
383 734 637 786 differentia
657 773 671 798 ,
701 739 935 802 superiora
952 773 968 799 ,
990 737 1141 786 media
1157 774 1173 798 ,
1201 737 1438 797 inferiora3
1470 743 1531 789 ita
1553 748 1709 793 tamen

122 826 187 869 ut>
205 821 359 869 omnia
385 819 477 866 sint
503 815 735 881 aequaliter
766 819 970 882 corporis
992 812 1161 866 Christi
1183 816 1391 866 membra
1409 851 1426 881 ,
1451 816 1511 867 de
1540 815 1711 872 Christi

129 912 325 962 corpore
341 931 355 956 ,
383 904 430 945 et
453 897 608 943 omnia
629 891 762 940 simul
783 909 926 941 unum
947 888 1117 941 Christi
1135 909 1314 958 corpus.
1375 911 1392 914 ··

197 978 408 1031 Ecclesia
443 996 551 1044 ergo
569 1015 585 1040 ,
628 974 1002 1027 Christianismus
1020 1015 1035 1041 ,
1068 980 1183 1028 sicut
1214 988 1259 1031 et
1284 997 1448 1048 corpus
1477 983 1705 1048 naturale,

125 1077 271 1110 unum
290 1067 359 1108 est
383 1066 430 1108 et
450 1056 606 1106 multa.

198 1138 309 1191 Hoc
329 1141 478 1206 posito
493 1176 505 1199 ,
537 1137 778 1187 recordare
799 1155 922 1187 nunc
950 1141 1077 1204 scopi
1103 1140 1368 1205 apostolici,
1387 1141 1585 1203 scilicet,
1600 1145 1710 1210 spi-

127 1220 308 1270 rituales
332 1216 680 1269 Corinthiorum
703 1217 995 1282 aegritudines
1040 1222 1157 1269 circa
1203 1219 1470 1271 charismata
1503 1238 1664 1273 sanare
1692 1260 1707 1285 ,

52 1336 56 1339 >
128 1297 320 1347 aliorum
345 1296 609 1361 superbiam
629 1293 871 1344 retundere
888 1330 902 1355 ,
930 1294 1117 1345 aliorum
1140 1297 1359 1345 invidiam
1383 1299 1708 1362 exstinguere,

134 1377 348 1426 omnibus
373 1372 689 1432 concordiam,
719 1382 925 1422 mutuum
949 1391 1154 1422 amorem
1171 1411 1185 1436 ,
1215 1382 1261 1423 et
1283 1374 1483 1424 studium
1517 1377 1606 1428 sibi
1627 1380 1711 1435 in-

119 1457 285 1505 ·vicem
307 1451 587 1502 inserviendi
614 1452 837 1514 inspirare
858 1487 873 1511 ,
895 1458 942 1500 ut
963 1453 1050 1512 jam
1073 1451 1245 1502 dictum
1265 1459 1334 1501 est
1361 1451 1427 1515 y.
1454 1454 1504 1516 4.
1531 1477 1541 1484 „

203 1541 310 1593 Jam
329 1545 441 1590 vero
466 1548 608 1589 artem
627 1541 792 1588 mirare
807 1576 820 1600 ,
850 1537 937 1604 qua
955 1538 1054 1588 baec
1083 1543 1234 1589 omnia
1257 1541 1449 1607 perficit.

123 1626 125 1628 ’
202 1617 272 1685 fi.
300 1621 377 1671 15.
405 1619 645 1669 Sicllxeric
661 1636 742 1684 pes
765 1638 781 1666 .·
805 1618 1096 1683 Quoniam...

202 1697 482 1766 Aggreditur
503 1701 650 1764 primo
672 1696 937 1747 inferiorum
971 1695 1191 1748 Ecclesiae
1222 1695 1533 1751 Corinthiacae'
1552 1717 1713 1752 mem--

135 1783 324 1832 brorum
343 1779 646 1827 sanationem.

127 1867 130 1869 ’
204 1864 391 1918 Fideles
414 1867 488 1929 qui
508 1863 624 1914 nulla
647 1863 765 1912 dona
790 1871 1091 1928 receperant,
1121 1873 1195 1914 aut
1220 1867 1295 1930 qui
1328 1867 1581 1916 minoribus
1605 1874 1714 1917 tan-

139 1947 236 1995 tum
260 1949 385 1992 erant
422 1941 606 1998 donati,
646 1939 724 1989 sua
746 1948 868 1990 sorte
890 1957 986 1989 non
1010 1943 1246 2004 contenti,
1273 1942 1714 2007 obmurmurabant,

139 2029 186 2071 et
206 2017 605 2083 conquerebantur
633 2018 758 2081 quasi
777 2025 932 2066 essent
956 2019 981 2065 ὲ
1002 2033 1192 2082 corpore
1217 2020 1441 2068 extranei.

206 2104 278 2158 Ut
294 2105 386 2174 hos
407 2092 657 2170 Apostolus
691 2108 842 2165 arguat
871 2108 912 2149 et
936 2100 1070 2150 simul
1100 2103 1313 2159 instruat,
1354 2107 1490 2165 atque
1517 2099 1715 2163 soletur,

142 2205 227 2256 per
250 2185 619 2254 prosopopoeiam
643 2181 815 2230 inducit
843 2178 1078 2229 inferiores
1104 2188 1150 2230 et
1173 2183 1325 2230 minus
1341 2181 1591 2246 praecipuas
1603 2197 1718 2232 cor-

143 2268 267 2334 poris
280 2271 450 2328 partes,
465 2259 545 2309 sua
560 2267 682 2308 sorte
699 2276 792 2307 non
806 2266 1063 2318 contentas,
1078 2257 1161 2307 sed
1180 2264 1537 2327 murmurantes,
1556 2265 1603 2307 et
1615 2274 1719 2308 sese

148 2348 512 2411 conquerenteS,
539 2338 666 2404 quod
690 2337 927 2401 aliaeipsis·
944 2338 1034 2385 sint
1058 2338 1254 2399 majores
1278 2344 1321 2385 et
1346 2338 1685 2402 praestantiores
1703 2356 1718 2387 ε

170 2487 172 2489 ,
212 2436 270 2483 Si
288 2451 367 2498 pes
388 2467 401 2494 ,
422 2447 522 2496 pars
552 2430 752 2493 corporis
776 2425 984 2485 inferior;
1011 2426 1056 2474 si
1067 2443 1149 2490 pes
1163 2460 1181 2483 ,
1207 2426 1396 2490 inquam
1413 2459 1428 2485 ‚
1453 2425 1592 2473 totius
1607 2441 1720 2474 cor-
1743 2468 1746 2470 ,

137 2515 272 2582 poris
290 2528 433 2563 onere
455 2517 692 2575 gravatus,
726 2507 934 2555 di'xerrm
959 2502 1080 2569 Quia
1103 2504 1252 2554 locum
1280 2502 1487 2554 medium
1510 2519 1606 2552 non
1633 2500 1722 2554 ha-

144 2593 239 2669 beo
277 2591 393 2640 sicut
416 2604 610 2646 manus,
640 2585 744 2635 ideo
768 2602 863 2634 non
882 2602 983 2635 sum
1011 2583 1067 2633 de
1089 2599 1306 2648 corpore;

196 2665 297 2744 An
322 2683 566 2742 propterea
594 2672 654 2723 de
676 2687 867 2739 corpore
897 2689 992 2722 non
1019 2665 1125 2722 est?
1153 2672 1363 2746 minime,
1395 2670 1498 2736 quia
1530 2685 1627 2719 non
1651 2668 1724 2719 si·-

146 2763 244 2820 tuS,
273 2774 363 2807 nec
386 2755 590 2806 offidum
614 2753 782 2804 faciunt
821 2755 1078 2805 membrum
1106 2741 1325 2819 corporiS‚
1360 2748 1445 2800 sed
1479 2751 1588 2801 unio
1615 2765 1724 2800 cum

147 2851 361 2901 corpore,
388 2840 437 2883 et
457 2829 717 2883 informatio
738 2834 795 2884 ab
820 2832 983 2883 eadem
1006 2832 1174 2882 anima.
1211 2856 1220 2863 ·

148 2971 155 2975 .
176 2983 180 2989 .
215 2920 314 2974 Sub
340 2920 429 2972 hac
460 2919 602 2987 figura
626 2916 795 2971 Paulus
823 2920 1004 2972 infimas
1029 2915 1248 2970 Ecclesiae
1270 2912 1581 2968 Corinthiacae
1607 2931 1723 2982 par·-
