1760 3210
272 285 278 289 ’
386 268 681 357 CXPUT
717 295 1180 375 SECUNDUM,

633 452 976 519 ParaphrasiS.

114 665 215 714 ,mc
238 658 284 702 et
300 668 388 717 ego
414 652 635 714 veniens,
659 645 965 717 Evangelium
990 645 1162 700 Christi
1183 651 1317 701 vobis
1340 657 1593 705 annuntia-

18 727 289 791 '‘-fa‘sjveni
309 729 513 789 advos,
545 745 643 779 non
671 746 754 794 per
792 728 1117 779 sublimitatem
1148 733 1403 795 sermoni8‚
1439 749 1593 799 neque

96 842 103 855 ‚
142 807 434 858 subtilitatem
465 808 702 874 sapientiae
727 806 960 857 saecularis‘
987 805 1117 868 (sed
1149 807 1430 861 illud'v'obis
1466 812 1591 860 sim-

17 885 192 935 uliciter
216 886 464 949 praedicavi
485 886 527 947 ).
1010 884 1015 886 ‚

42 1005 46 1008 ,
82 957 154 1026 Ita
176 961 301 1015 enim
322 962 546 1025 mehgessi
571 960 692 1027 apud
711 977 797 1011 vos
815 998 830 1023 ‚
858 963 985 1026 quasi
1005 961 1119 1011 nihil
1137 961 1258 1013 aliud
1275 964 1443 1015 scirem
1461 999 1476 1027 ,
1507 965 1596 1015 nisi

18 1084 42 1104 ⁴
59 1055 189 1092 esum
206 1034 444 1098 Christum
461 1074 477 1101 ‚
498 1038 716 1105 huncque
743 1057 826 1104 pro
851 1042 988 1091 nobis
1013 1043 1298 1095 crucifixum.

88 1138 221 1192 Hinc
249 1143 388 1192 etiam
415 1148 463 1190 et
490 1156 577 1205 ego
597 1139 719 1204 apud
745 1157 831 1190 vos
857 1152 1152 1194 conversatus
1186 1162 1289 1195 sum
1310 1161 1475 1212 magna
1493 1163 1598 1198 cum

55 1217 273 1272 umilitate
297 1226 342 1269 et
364 1234 471 1268 cum
491 1220 654 1273 timore
676 1225 724 1267 et
747 1224 944 1267 tremore
963 1217 1267 1279 (humilitatis
1291 1222 1601 1284 comitibus).

92 1314 344 1382 Propterea
386 1323 432 1365 et
473 1315 566 1364 mei
604 1331 842 1365 sermones
886 1316 1077 1381 privati,
1108 1324 1155 1365 et
1192 1331 1310 1365 meae
1349 1318 1602 1369 conciones

37 1395 222 1449 lubtieae
239 1396 373 1463 ,non
395 1396 698 1446 constiterunt
726 1397 880 1446 verbis
899 1432 912 1456 ‚
947 1396 1112 1460 quibus
1151 1387 1350 1444 humana
1377 1398 1600 1460 sapientia

18 1476 92 1525 ·ti
115 1474 333 1525 solet'ad
363 1472 762 1540 persuadendum3
802 1473 886 1524 sed
927 1465 1031 1523 Dei
1067 1469 1289 1538 Spiritum
1317 1482 1363 1524 et
1386 1475 1604 1527 virtutem

25 1571 122 1622 prae
135 1571 185 1604 se
204 1553 418 1605 tulerunt.
998 1612 1003 1615 .

60 1678 66 1687 ‚
97 1631 166 1684 Ut
189 1641 340 1688 vestra
364 1631 482 1682 fides
508 1648 602 1681 non
628 1639 891 1682 nasceretur
916 1648 976 1682 ex
998 1630 1197 1682 humana
1219 1633 1408 1682 scientia
1437 1639 1483 1684 et
1501 1627 1601 1685 elo-

26 1718 212 1785 quentia
229 1753 243 1780 ‚
266 1715 350 1766 sed
374 1732 436 1765 ex
455 1711 549 1764 Dei
567 1716 791 1780 potentia.

41 1803 44 1806 A
101 1813 125 1875 (
150 1798 323 1867 Veiam
349 1818 507 1863 tamen
544 1829 641 1862 non
680 1814 841 1877 ignoro
876 1809 1220 1877 sapientiam),
1244 1812 1471 1879 siquidem
1502 1830 1607 1865 eam

29 1891 194 1959 loquor
215 1894 336 1942 inter
354 1887 624 1958 perfectos:
651 1891 919 1954 sapientiam
942 1893 1055 1941 vero
1077 1906 1173 1939 non
1208 1888 1495 1952 saecularem,
1524 1908 1608 1942 seu

31 1970 334 2028 mundanam3
383 1987 535 2036 neque
576 1971 931 2034 superstitiosam
954 1990 965 2029 ;
1017 1969 1284 2018 daemonum
1326 1964 1608 2022 adminiculo

31 2052 270 2103 inventam
288 2083 303 2110 ‚
331 2063 525 2112 quorum
549 2055 750 2112 potestas
774 2064 856 2113 per
876 2044 1113 2096 Christum
1139 2046 1398 2098 destruitur.

101 2122 197 2176 Sed
215 2123 444 2189 loquimur
468 2117 559 2170 Dei
577 2124 846 2188 sapientiam
863 2159 878 2186 ‚
909 2124 957 2172 in
983 2125 1203 2188 mysterio
1230 2130 1274 2172 et
1302 2139 1384 2188 per
1422 2132 1609 2190 myste-

30 2205 150 2255 rium
171 2201 195 2263 (
217 2196 548 2252 Incarnationis
567 2202 603 2262 )‚
633 2201 976 2262 absconditam,
1018 2218 1154 2267 quam
1188 2202 1245 2250 ab
1282 2208 1456 2251 aeterno
1476 2200 1611 2255 Deus

31 2281 371 2351 praedestinavit
382 2281 439 2332 ad
451 2281 638 2348 gloriam
658 2287 862 2330 nostram
879 2279 959 2342 (et
976 2280 1275 2346 temporalem
1287 2288 1334 2331 et
1345 2282 1614 2346 aeternam).

105 2391 272 2465 Quam
293 2394 444 2445 nullus
492 2413 551 2445 cx
595 2393 889 2460 Principibus
911 2393 1045 2458 hujus
1085 2393 1233 2445 saeculi
1286 2398 1505 2460 cognovit
1533 2415 1548 2445 ε
1575 2401 1616 2450 si

41 2475 167 2525 enim
188 2475 513 2540 cognovissent
541 2490 641 2524 eam
662 2510 676 2537 ,
696 2489 985 2541 nequaquam
1018 2466 1285 2524 Dominum
1307 2472 1457 2539 gloriae
1488 2476 1612 2527 cruci

38 2549 305 2605 affixissent.
1182 2547 1186 2550 ”

110 2653 212 2723 Sed
237 2661 285 2709 in
303 2656 394 2709 hoc
419 2660 643 2725 mysterio
671 2657 907 2724 impletum
924 2662 995 2706 est
1023 2654 1147 2722 quod
1179 2655 1452 2722 praedixerat
1470 2653 1612 2709 Isaias

39 2737 127 2803 64.
144 2738 199 2802 ’4.
223 2737 329 2792 Nec
346 2741 497 2792 oculus
519 2741 659 2802 vidit,
695 2758 783 2791 nec
805 2741 924 2790 auris
961 2738 1158 2803 audivit,
1181 2755 1269 2790 nec
1293 2755 1425 2789 mens
1452 2741 1614 2804 cujus·-

40 2838 178 2948 {luam
199 2820 400 2874 hominis
416 2826 625 2891 concepit
647 2839 748 2891 quae
767 2817 908 2874 Deus
922 2823 1196 2889 praeparavit
1217 2823 1290 2888 iis,
1318 2823 1394 2888 qui
1414 2820 1611 2888 diligunt

22 2936 23 2942 ,
58 2913 212 2964 psum.
