<?xml version="1.0" encoding="UTF-8"?>
<!DOCTYPE html PUBLIC "-//W3C//DTD XHTML 1.0 Transitional//EN"
    "http://www.w3.org/TR/xhtml1/DTD/xhtml1-transitional.dtd">
<html xmlns="http://www.w3.org/1999/xhtml" xml:lang="en" lang="en">
 <head>
  <title>
</title>
<meta http-equiv="Content-Type" content="text/html;charset=utf-8" />
  <meta name='ocr-system' content='tesseract 3.04.00' />
  <meta name='ocr-capabilities' content='ocr_page ocr_carea ocr_par ocr_line ocrx_word'/>
</head>
<body>
  <div class='ocr_page' id='page_1' title='image "./epistolaumbpauli02picq_0386.png"; bbox 0 0 1760 3210; ppageno 0'>
   <div class='ocr_carea' id='block_1_1' title="bbox 191 16 1450 92">
    <p class='ocr_par' dir='ltr' id='par_1_1' title="bbox 191 16 1450 92">
     <span class='ocr_line' id='line_1_1' title="bbox 191 16 1450 92; baseline -0.001 -15"><span class='ocrx_word' id='word_1_1' title='bbox 191 20 305 92; x_wconf 68' lang='grc' dir='ltr'><strong>,3ῇὸ</strong></span> <span class='ocrx_word' id='word_1_2' title='bbox 519 33 720 80; x_wconf 54' lang='lat' dir='ltr'><strong>vnum</strong></span> <span class='ocrx_word' id='word_1_3' title='bbox 754 16 1015 84; x_wconf 58' lang='lat' dir='ltr'><strong>trisrom</strong></span> <span class='ocrx_word' id='word_1_4' title='bbox 1031 36 1119 85; x_wconf 47' lang='lat' dir='ltr'><strong>AD</strong></span> <span class='ocrx_word' id='word_1_5' title='bbox 1150 36 1450 84; x_wconf 59' lang='lat' dir='ltr'><strong>com-rmus</strong></span> 
     </span>
    </p>
   </div>
   <div class='ocr_carea' id='block_1_2' title="bbox 187 182 1750 229">
    <p class='ocr_par' dir='ltr' id='par_1_2' title="bbox 187 182 1750 229">
     <span class='ocr_line' id='line_1_2' title="bbox 187 182 1750 229; baseline 0 2981"><span class='ocrx_word' id='word_1_6' title='bbox 187 182 1750 229; x_wconf 95' lang='lat' dir='ltr'><strong> </strong></span> 
     </span>
    </p>
   </div>
   <div class='ocr_carea' id='block_1_3' title="bbox 445 259 1721 400">
    <p class='ocr_par' dir='ltr' id='par_1_3' title="bbox 445 259 1721 400">
     <span class='ocr_line' id='line_1_3' title="bbox 445 259 1721 400; baseline 0.005 -39"><span class='ocrx_word' id='word_1_7' title='bbox 445 284 715 376; x_wconf 76' lang='lat' dir='ltr'><strong>CAPUT</strong></span> <span class='ocrx_word' id='word_1_8' title='bbox 750 259 1578 399; x_wconf 60' lang='lat' dir='ltr'><strong>Decimumomm&#39;rumg&#39;</strong></span> <span class='ocrx_word' id='word_1_9' title='bbox 1664 296 1668 301; x_wconf 74' lang='grc'><strong>“</strong></span> <span class='ocrx_word' id='word_1_10' title='bbox 1710 301 1721 400; x_wconf 60' lang='lat' dir='ltr'><strong><em>J</em></strong></span> 
     </span>
    </p>
   </div>
   <div class='ocr_carea' id='block_1_4' title="bbox 894 467 1760 576">
    <p class='ocr_par' dir='ltr' id='par_1_4' title="bbox 894 462 1760 576">
     <span class='ocr_line' id='line_1_4' title="bbox 894 467 1760 576; baseline 0.003 -44"><span class='ocrx_word' id='word_1_11' title='bbox 894 481 1091 535; x_wconf 75' lang='lat' dir='ltr'><strong>Tewtus.</strong></span> <span class='ocrx_word' id='word_1_12' title='bbox 1447 467 1449 469; x_wconf 21' lang='grc' dir='ltr'>Ι</span> <span class='ocrx_word' id='word_1_13' title='bbox 1532 529 1589 569; x_wconf 51' lang='lat' dir='ltr'><strong>l.</strong></span> <span class='ocrx_word' id='word_1_14' title='bbox 1757 515 1760 576; x_wconf 24' lang='grc' dir='ltr'>ξ</span> 
     </span>
    </p>
   </div>
   <div class='ocr_carea' id='block_1_5' title="bbox 202 613 1754 906">
    <p class='ocr_par' dir='ltr' id='par_1_5' title="bbox 202 613 1754 906">
     <span class='ocr_line' id='line_1_5' title="bbox 211 613 1753 752; baseline 0.006 -25"><span class='ocrx_word' id='word_1_15' title='bbox 211 694 256 728; x_wconf 86' lang='lat'><strong>1.</strong></span> <span class='ocrx_word' id='word_1_16' title='bbox 281 613 539 726; x_wconf 73' lang='lat' dir='ltr'><strong>No&#39;rnM</strong></span> <span class='ocrx_word' id='word_1_17' title='bbox 574 680 753 725; x_wconf 86' lang='lat' dir='ltr'><strong>autem</strong></span> <span class='ocrx_word' id='word_1_18' title='bbox 787 668 940 727; x_wconf 85' lang='lat' dir='ltr'><strong>vobis</strong></span> <span class='ocrx_word' id='word_1_19' title='bbox 974 669 1138 744; x_wconf 77' lang='lat' dir='ltr'><strong>facio,</strong></span> <span class='ocrx_word' id='word_1_20' title='bbox 1177 671 1397 743; x_wconf 77' lang='lat' dir='ltr'><strong>fratres,</strong></span> <span class='ocrx_word' id='word_1_21' title='bbox 1435 650 1753 752; x_wconf 80' lang='lat' dir='ltr'><strong>Evangeliur.</strong></span> 
     </span>
     <span class='ocr_line' id='line_1_6' title="bbox 206 757 1754 838; baseline 0.006 -22"><span class='ocrx_word' id='word_1_22' title='bbox 206 760 354 831; x_wconf 87' lang='lat' dir='ltr'><strong>quod</strong></span> <span class='ocrx_word' id='word_1_23' title='bbox 391 758 676 830; x_wconf 74' lang='lat' dir='ltr'>praedicavi</span> <span class='ocrx_word' id='word_1_24' title='bbox 699 757 879 829; x_wconf 78' lang='lat' dir='ltr'><strong>vobiS‚</strong></span> <span class='ocrx_word' id='word_1_25' title='bbox 909 758 1055 830; x_wconf 88' lang='lat' dir='ltr'><strong>quod</strong></span> <span class='ocrx_word' id='word_1_26' title='bbox 1082 771 1133 816; x_wconf 88' lang='lat' dir='ltr'><strong>et</strong></span> <span class='ocrx_word' id='word_1_27' title='bbox 1159 761 1440 832; x_wconf 80' lang='lat' dir='ltr'><strong>accepistis</strong></span> <span class='ocrx_word' id='word_1_28' title='bbox 1458 806 1472 831; x_wconf 86' lang='lat'><strong>‚</strong></span> <span class='ocrx_word' id='word_1_29' title='bbox 1517 763 1575 820; x_wconf 91' lang='lat' dir='ltr'><strong>in</strong></span> <span class='ocrx_word' id='word_1_30' title='bbox 1601 787 1754 838; x_wconf 70' lang='lat' dir='ltr'><strong>quoe</strong></span> 
     </span>
     <span class='ocr_line' id='line_1_7' title="bbox 202 860 1670 906; baseline 0.007 0"><span class='ocrx_word' id='word_1_31' title='bbox 202 860 372 906; x_wconf 72' lang='lat' dir='ltr'><strong>stans.</strong></span> <span class='ocrx_word' id='word_1_32' title='bbox 1266 894 1271 897; x_wconf 93' lang='lat'><em>-</em></span> <span class='ocrx_word' id='word_1_33' title='bbox 1548 880 1552 881; x_wconf 47' lang='lat'><em>⁷</em></span> <span class='ocrx_word' id='word_1_34' title='bbox 1584 895 1587 898; x_wconf 89' lang='lat'><em>-</em></span> <span class='ocrx_word' id='word_1_35' title='bbox 1642 868 1670 883; x_wconf 76' lang='lat'><strong>&#39;⁴</strong></span> 
     </span>
    </p>
   </div>
   <div class='ocr_carea' id='block_1_6' title="bbox 204 945 1755 1109">
    <p class='ocr_par' dir='ltr' id='par_1_6' title="bbox 204 945 1755 1109">
     <span class='ocr_line' id='line_1_8' title="bbox 277 945 1755 1030; baseline 0.005 -21"><span class='ocrx_word' id='word_1_36' title='bbox 277 979 326 1010; x_wconf 86' lang='lat'><strong>2.</strong></span> <span class='ocrx_word' id='word_1_37' title='bbox 352 951 465 1026; x_wconf 79' lang='lat' dir='ltr'><strong>Per</strong></span> <span class='ocrx_word' id='word_1_38' title='bbox 488 951 634 1022; x_wconf 90' lang='lat' dir='ltr'><strong>quod</strong></span> <span class='ocrx_word' id='word_1_39' title='bbox 655 962 708 1007; x_wconf 83' lang='lat' dir='ltr'><strong>et</strong></span> <span class='ocrx_word' id='word_1_40' title='bbox 743 949 1024 1008; x_wconf 83' lang='lat' dir='ltr'><strong>salvamini</strong></span> <span class='ocrx_word' id='word_1_41' title='bbox 1050 975 1064 1005; x_wconf 73' lang='grc' dir='ltr'><em>ε</em></span> <span class='ocrx_word' id='word_1_42' title='bbox 1091 953 1196 1022; x_wconf 59' lang='lat' dir='ltr'><strong>qud</strong></span> <span class='ocrx_word' id='word_1_43' title='bbox 1222 951 1427 1014; x_wconf 69' lang='lat' dir='ltr'><strong>ratione</strong></span> <span class='ocrx_word' id='word_1_44' title='bbox 1443 952 1445 954; x_wconf 59' lang='grc'><strong>’</strong></span> <span class='ocrx_word' id='word_1_45' title='bbox 1464 945 1755 1030; x_wconf 67' lang='lat' dir='ltr'><strong>praedicave</strong></span> 
     </span>
     <span class='ocr_line' id='line_1_9' title="bbox 204 1037 1532 1109; baseline 0.005 -13"><span class='ocrx_word' id='word_1_46' title='bbox 204 1038 311 1096; x_wconf 90' lang='lat' dir='ltr'><strong>rim</strong></span> <span class='ocrx_word' id='word_1_47' title='bbox 336 1037 485 1095; x_wconf 92' lang='lat' dir='ltr'><strong>vobis</strong></span> <span class='ocrx_word' id='word_1_48' title='bbox 506 1082 520 1108; x_wconf 92' lang='lat'>‚</span> <span class='ocrx_word' id='word_1_49' title='bbox 550 1037 597 1094; x_wconf 89' lang='lat' dir='ltr'><strong>si</strong></span> <span class='ocrx_word' id='word_1_50' title='bbox 621 1037 810 1096; x_wconf 78' lang='lat' dir='ltr'><strong>tenetis</strong></span> <span class='ocrx_word' id='word_1_51' title='bbox 830 1081 846 1109; x_wconf 86' lang='lat'>,</span> <span class='ocrx_word' id='word_1_52' title='bbox 871 1037 979 1096; x_wconf 89' lang='lat' dir='ltr'><strong>nisi</strong></span> <span class='ocrx_word' id='word_1_53' title='bbox 1002 1039 1197 1097; x_wconf 50' lang='lat' dir='ltr'><strong>frustra</strong></span> <span class='ocrx_word' id='word_1_54' title='bbox 1217 1040 1532 1102; x_wconf 83' lang='lat' dir='ltr'>credidistis.</span> 
     </span>
    </p>
   </div>
   <div class='ocr_carea' id='block_1_7' title="bbox 207 1208 1760 1455">
    <p class='ocr_par' dir='ltr' id='par_1_7' title="bbox 207 1208 1760 1455">
     <span class='ocr_line' id='line_1_10' title="bbox 277 1208 1742 1287; baseline 0.004 -21"><span class='ocrx_word' id='word_1_55' title='bbox 277 1215 328 1267; x_wconf 85' lang='lat'><strong>3.</strong></span> <span class='ocrx_word' id='word_1_56' title='bbox 349 1208 581 1266; x_wconf 83' lang='lat' dir='ltr'>Tradidi</span> <span class='ocrx_word' id='word_1_57' title='bbox 603 1208 749 1266; x_wconf 90' lang='lat' dir='ltr'><strong>enim</strong></span> <span class='ocrx_word' id='word_1_58' title='bbox 784 1208 936 1266; x_wconf 87' lang='lat' dir='ltr'><strong>vohis</strong></span> <span class='ocrx_word' id='word_1_59' title='bbox 970 1209 1026 1265; x_wconf 92' lang='lat' dir='ltr'><strong>in</strong></span> <span class='ocrx_word' id='word_1_60' title='bbox 1053 1210 1237 1280; x_wconf 88' lang='lat' dir='ltr'><strong>primis</strong></span> <span class='ocrx_word' id='word_1_61' title='bbox 1258 1253 1274 1280; x_wconf 91' lang='lat'>‚</span> <span class='ocrx_word' id='word_1_62' title='bbox 1314 1213 1460 1282; x_wconf 91' lang='lat' dir='ltr'><strong>quod</strong></span> <span class='ocrx_word' id='word_1_63' title='bbox 1490 1225 1542 1269; x_wconf 92' lang='lat' dir='ltr'><strong>et</strong></span> <span class='ocrx_word' id='word_1_64' title='bbox 1560 1215 1742 1287; x_wconf 81' lang='lat' dir='ltr'><strong>accepi</strong></span> 
     </span>
     <span class='ocr_line' id='line_1_11' title="bbox 207 1296 1760 1368; baseline 0.003 -14"><span class='ocrx_word' id='word_1_65' title='bbox 207 1298 463 1368; x_wconf 84' lang='lat' dir='ltr'><strong>quoniam</strong></span> <span class='ocrx_word' id='word_1_66' title='bbox 499 1296 738 1353; x_wconf 86' lang='lat' dir='ltr'><strong>Christus</strong></span> <span class='ocrx_word' id='word_1_67' title='bbox 779 1308 1021 1354; x_wconf 87' lang='lat' dir='ltr'><strong>mortuus</strong></span> <span class='ocrx_word' id='word_1_68' title='bbox 1066 1309 1146 1354; x_wconf 85' lang='lat' dir='ltr'><strong>est</strong></span> <span class='ocrx_word' id='word_1_69' title='bbox 1185 1318 1283 1366; x_wconf 89' lang='lat' dir='ltr'><strong>pro</strong></span> <span class='ocrx_word' id='word_1_70' title='bbox 1309 1298 1542 1366; x_wconf 80' lang='lat' dir='ltr'><strong>peccatis</strong></span> <span class='ocrx_word' id='word_1_71' title='bbox 1595 1301 1760 1358; x_wconf 82' lang='lat' dir='ltr'>nostri</span> 
     </span>
     <span class='ocr_line' id='line_1_12' title="bbox 210 1384 864 1455; baseline -0.008 -11"><span class='ocrx_word' id='word_1_72' title='bbox 210 1386 506 1444; x_wconf 71' lang='lat' dir='ltr'><strong>secundum</strong></span> <span class='ocrx_word' id='word_1_73' title='bbox 528 1384 828 1455; x_wconf 80' lang='lat' dir='ltr'>Scripturas</span> <span class='ocrx_word' id='word_1_74' title='bbox 852 1408 864 1438; x_wconf 77' lang='grc' dir='ltr'>ε</span> 
     </span>
    </p>
   </div>
   <div class='ocr_carea' id='block_1_8' title="bbox 210 1471 1760 1630">
    <p class='ocr_par' dir='ltr' id='par_1_8' title="bbox 210 1471 1760 1630">
     <span class='ocr_line' id='line_1_13' title="bbox 278 1471 1760 1557; baseline 0.003 -28"><span class='ocrx_word' id='word_1_75' title='bbox 278 1481 329 1541; x_wconf 74' lang='grc'><strong>4.</strong></span> <span class='ocrx_word' id='word_1_76' title='bbox 351 1473 422 1527; x_wconf 89' lang='lat' dir='ltr'><strong>Et</strong></span> <span class='ocrx_word' id='word_1_77' title='bbox 442 1473 566 1543; x_wconf 83' lang='lat' dir='ltr'><strong>quia</strong></span> <span class='ocrx_word' id='word_1_78' title='bbox 590 1471 831 1540; x_wconf 81' lang='lat' dir='ltr'><strong>sepultus</strong></span> <span class='ocrx_word' id='word_1_79' title='bbox 853 1482 956 1539; x_wconf 77' lang='lat' dir='ltr'><strong>est,</strong></span> <span class='ocrx_word' id='word_1_80' title='bbox 978 1482 1030 1526; x_wconf 79' lang='lat' dir='ltr'><strong>et</strong></span> <span class='ocrx_word' id='word_1_81' title='bbox 1054 1471 1181 1541; x_wconf 84' lang='lat' dir='ltr'><strong>quia</strong></span> <span class='ocrx_word' id='word_1_82' title='bbox 1214 1471 1502 1530; x_wconf 83' lang='lat' dir='ltr'><strong>resurrexit</strong></span> <span class='ocrx_word' id='word_1_83' title='bbox 1521 1473 1675 1532; x_wconf 56' lang='lat' dir='ltr'><strong>tertia</strong></span> <span class='ocrx_word' id='word_1_84' title='bbox 1701 1475 1760 1557; x_wconf 88' lang='lat' dir='ltr'><strong>di</strong></span> 
     </span>
     <span class='ocr_line' id='line_1_14' title="bbox 210 1558 879 1630; baseline -0.009 -12"><span class='ocrx_word' id='word_1_85' title='bbox 210 1558 507 1620; x_wconf 75' lang='lat' dir='ltr'><strong>secundum</strong></span> <span class='ocrx_word' id='word_1_86' title='bbox 537 1559 841 1630; x_wconf 82' lang='lat' dir='ltr'><strong>Scripturas</strong></span> <span class='ocrx_word' id='word_1_87' title='bbox 867 1583 879 1612; x_wconf 72' lang='grc' dir='ltr'><strong>ε</strong></span> 
     </span>
    </p>
   </div>
   <div class='ocr_carea' id='block_1_9' title="bbox 279 1714 1745 1793">
    <p class='ocr_par' dir='ltr' id='par_1_9' title="bbox 279 1714 1745 1793">
     <span class='ocr_line' id='line_1_15' title="bbox 279 1714 1745 1793; baseline -0.002 -15"><span class='ocrx_word' id='word_1_88' title='bbox 279 1727 331 1780; x_wconf 82' lang='lat'><strong>5.</strong></span> <span class='ocrx_word' id='word_1_89' title='bbox 354 1722 422 1778; x_wconf 79' lang='lat' dir='ltr'><strong>Et</strong></span> <span class='ocrx_word' id='word_1_90' title='bbox 441 1720 568 1793; x_wconf 86' lang='lat' dir='ltr'><strong>quia</strong></span> <span class='ocrx_word' id='word_1_91' title='bbox 599 1717 743 1778; x_wconf 81' lang='lat' dir='ltr'><strong>visus</strong></span> <span class='ocrx_word' id='word_1_92' title='bbox 764 1729 844 1776; x_wconf 86' lang='lat' dir='ltr'><strong>est</strong></span> <span class='ocrx_word' id='word_1_93' title='bbox 874 1714 1096 1789; x_wconf 73' lang='lat' dir='ltr'><strong>cephae,</strong></span> <span class='ocrx_word' id='word_1_94' title='bbox 1126 1730 1321 1790; x_wconf 82' lang='lat' dir='ltr'><strong>etpost</strong></span> <span class='ocrx_word' id='word_1_95' title='bbox 1349 1717 1452 1776; x_wconf 88' lang='lat' dir='ltr'><strong>hoc</strong></span> <span class='ocrx_word' id='word_1_96' title='bbox 1493 1718 1745 1777; x_wconf 85' lang='lat' dir='ltr'><strong>undecim</strong></span> 
     </span>
    </p>
   </div>
   <div class='ocr_carea' id='block_1_10' title="bbox 213 1871 1760 2286">
    <p class='ocr_par' dir='ltr' id='par_1_10' title="bbox 213 1871 1760 2126">
     <span class='ocr_line' id='line_1_16' title="bbox 279 1871 1759 1947; baseline -0.001 -17"><span class='ocrx_word' id='word_1_97' title='bbox 279 1878 330 1932; x_wconf 87' lang='grc'><strong>6.</strong></span> <span class='ocrx_word' id='word_1_98' title='bbox 351 1874 568 1932; x_wconf 85' lang='lat' dir='ltr'><strong>Deinde</strong></span> <span class='ocrx_word' id='word_1_99' title='bbox 597 1874 741 1932; x_wconf 89' lang='lat' dir='ltr'><strong>visus</strong></span> <span class='ocrx_word' id='word_1_100' title='bbox 767 1884 846 1931; x_wconf 87' lang='lat' dir='ltr'><strong>est</strong></span> <span class='ocrx_word' id='word_1_101' title='bbox 873 1873 995 1943; x_wconf 89' lang='lat' dir='ltr'><strong>plus</strong></span> <span class='ocrx_word' id='word_1_102' title='bbox 1019 1875 1180 1943; x_wconf 60' lang='lat' dir='ltr'><strong>quhm</strong></span> <span class='ocrx_word' id='word_1_103' title='bbox 1206 1872 1509 1947; x_wconf 82' lang='lat' dir='ltr'><strong>quingentis</strong></span> <span class='ocrx_word' id='word_1_104' title='bbox 1537 1871 1759 1930; x_wconf 80' lang='lat' dir='ltr'><strong>fratribu</strong></span> 
     </span>
     <span class='ocr_line' id='line_1_17' title="bbox 213 1959 1760 2032; baseline 0 -14"><span class='ocrx_word' id='word_1_105' title='bbox 213 1959 402 2018; x_wconf 88' lang='lat' dir='ltr'><strong>simul:</strong></span> <span class='ocrx_word' id='word_1_106' title='bbox 449 1983 511 2018; x_wconf 87' lang='lat' dir='ltr'><strong>ex</strong></span> <span class='ocrx_word' id='word_1_107' title='bbox 553 1959 747 2031; x_wconf 88' lang='lat' dir='ltr'><strong>quibus</strong></span> <span class='ocrx_word' id='word_1_108' title='bbox 785 1960 942 2017; x_wconf 82' lang='lat' dir='ltr'><strong>multi</strong></span> <span class='ocrx_word' id='word_1_109' title='bbox 968 1973 1187 2018; x_wconf 83' lang='lat' dir='ltr'><strong>manent</strong></span> <span class='ocrx_word' id='word_1_110' title='bbox 1227 1983 1393 2032; x_wconf 90' lang='lat' dir='ltr'><strong>usque</strong></span> <span class='ocrx_word' id='word_1_111' title='bbox 1423 1960 1632 2029; x_wconf 84' lang='lat' dir='ltr'><strong>adhuc,</strong></span> <span class='ocrx_word' id='word_1_112' title='bbox 1659 1960 1760 2032; x_wconf 87' lang='lat' dir='ltr'><strong>qui·</strong></span> 
     </span>
     <span class='ocr_line' id='line_1_18' title="bbox 214 2048 928 2126; baseline 0.001 -22"><span class='ocrx_word' id='word_1_113' title='bbox 214 2048 340 2104; x_wconf 85' lang='lat' dir='ltr'><strong>dam</strong></span> <span class='ocrx_word' id='word_1_114' title='bbox 362 2060 539 2105; x_wconf 83' lang='lat' dir='ltr'><strong>autem</strong></span> <span class='ocrx_word' id='word_1_115' title='bbox 562 2048 895 2105; x_wconf 88' lang='lat' dir='ltr'><strong>dormierunt</strong></span> <span class='ocrx_word' id='word_1_116' title='bbox 915 2076 928 2126; x_wconf 65' lang='grc' dir='ltr'><strong>ς</strong></span> 
     </span>
    </p>

    <p class='ocr_par' dir='ltr' id='par_1_11' title="bbox 215 2138 1757 2286">
     <span class='ocr_line' id='line_1_19' title="bbox 286 2138 1757 2211; baseline 0.001 -15"><span class='ocrx_word' id='word_1_117' title='bbox 286 2165 334 2210; x_wconf 91' lang='lat'><strong>7.</strong></span> <span class='ocrx_word' id='word_1_118' title='bbox 360 2138 576 2196; x_wconf 89' lang='lat' dir='ltr'><strong>Deinde</strong></span> <span class='ocrx_word' id='word_1_119' title='bbox 597 2139 740 2196; x_wconf 90' lang='lat' dir='ltr'><strong>visus</strong></span> <span class='ocrx_word' id='word_1_120' title='bbox 772 2151 851 2197; x_wconf 85' lang='lat' dir='ltr'><strong>est</strong></span> <span class='ocrx_word' id='word_1_121' title='bbox 877 2140 1078 2196; x_wconf 88' lang='lat' dir='ltr'><strong>Jacobo</strong></span> <span class='ocrx_word' id='word_1_122' title='bbox 1095 2181 1110 2208; x_wconf 90' lang='lat'>‚</span> <span class='ocrx_word' id='word_1_123' title='bbox 1136 2138 1330 2196; x_wconf 87' lang='lat' dir='ltr'><strong>deinde</strong></span> <span class='ocrx_word' id='word_1_124' title='bbox 1355 2139 1631 2211; x_wconf 88' lang='lat' dir='ltr'><strong>Apostolis</strong></span> <span class='ocrx_word' id='word_1_125' title='bbox 1663 2161 1757 2197; x_wconf 88' lang='lat' dir='ltr'><strong>om</strong></span> 
     </span>
     <span class='ocr_line' id='line_1_20' title="bbox 215 2227 421 2286; baseline -0.005 0"><span class='ocrx_word' id='word_1_126' title='bbox 215 2227 377 2286; x_wconf 84' lang='lat' dir='ltr'><strong>nibus</strong></span> <span class='ocrx_word' id='word_1_127' title='bbox 407 2243 421 2274; x_wconf 67' lang='grc' dir='ltr'>ἔ</span> 
     </span>
    </p>
   </div>
   <div class='ocr_carea' id='block_1_11' title="bbox 217 2377 1760 2528">
    <p class='ocr_par' dir='ltr' id='par_1_12' title="bbox 217 2377 1760 2528">
     <span class='ocr_line' id='line_1_21' title="bbox 287 2377 1760 2450; baseline -0.002 -11"><span class='ocrx_word' id='word_1_128' title='bbox 287 2386 339 2439; x_wconf 91' lang='grc'><strong>8.</strong></span> <span class='ocrx_word' id='word_1_129' title='bbox 377 2379 681 2437; x_wconf 70' lang='lat' dir='ltr'><strong>Novissime</strong></span> <span class='ocrx_word' id='word_1_130' title='bbox 719 2391 900 2435; x_wconf 85' lang='lat' dir='ltr'><strong>autem</strong></span> <span class='ocrx_word' id='word_1_131' title='bbox 938 2378 1215 2450; x_wconf 89' lang='lat' dir='ltr'><strong>omnium,</strong></span> <span class='ocrx_word' id='word_1_132' title='bbox 1247 2390 1507 2449; x_wconf 81' lang='lat' dir='ltr'><strong>tanquam</strong></span> <span class='ocrx_word' id='word_1_133' title='bbox 1525 2377 1760 2436; x_wconf 78' lang='lat' dir='ltr'><strong>abortivo</strong></span> 
     </span>
     <span class='ocr_line' id='line_1_22' title="bbox 217 2466 712 2528; baseline -0.006 0"><span class='ocrx_word' id='word_1_134' title='bbox 217 2470 359 2528; x_wconf 85' lang='lat' dir='ltr'><strong>visus</strong></span> <span class='ocrx_word' id='word_1_135' title='bbox 385 2481 464 2527; x_wconf 86' lang='lat' dir='ltr'><strong>est</strong></span> <span class='ocrx_word' id='word_1_136' title='bbox 488 2482 539 2525; x_wconf 86' lang='lat' dir='ltr'><strong>et</strong></span> <span class='ocrx_word' id='word_1_137' title='bbox 563 2466 712 2525; x_wconf 84' lang='lat' dir='ltr'><strong>mihi.</strong></span> 
     </span>
    </p>
   </div>
   <div class='ocr_carea' id='block_1_12' title="bbox 215 2555 1760 2786">
    <p class='ocr_par' dir='ltr' id='par_1_13' title="bbox 215 2555 1760 2786">
     <span class='ocr_line' id='line_1_23' title="bbox 286 2555 1760 2631; baseline -0.001 -18"><span class='ocrx_word' id='word_1_138' title='bbox 286 2581 336 2631; x_wconf 89' lang='lat'><strong>9.</strong></span> <span class='ocrx_word' id='word_1_139' title='bbox 363 2555 477 2630; x_wconf 86' lang='lat' dir='ltr'><strong>Ego</strong></span> <span class='ocrx_word' id='word_1_140' title='bbox 505 2555 649 2612; x_wconf 90' lang='lat' dir='ltr'><strong>enim</strong></span> <span class='ocrx_word' id='word_1_141' title='bbox 685 2577 804 2613; x_wconf 89' lang='lat' dir='ltr'><strong>sum</strong></span> <span class='ocrx_word' id='word_1_142' title='bbox 830 2555 1086 2614; x_wconf 90' lang='lat' dir='ltr'><strong>minimus</strong></span> <span class='ocrx_word' id='word_1_143' title='bbox 1114 2556 1503 2626; x_wconf 80' lang='lat' dir='ltr'><strong>Apostolorum</strong></span> <span class='ocrx_word' id='word_1_144' title='bbox 1522 2600 1535 2625; x_wconf 81' lang='grc'><em>,</em></span> <span class='ocrx_word' id='word_1_145' title='bbox 1564 2555 1656 2627; x_wconf 88' lang='lat' dir='ltr'><strong>qui</strong></span> <span class='ocrx_word' id='word_1_146' title='bbox 1681 2575 1760 2612; x_wconf 84' lang='lat' dir='ltr'><strong>no:</strong></span> 
     </span>
     <span class='ocr_line' id='line_1_24' title="bbox 215 2639 1760 2715; baseline -0.003 -14"><span class='ocrx_word' id='word_1_147' title='bbox 215 2664 340 2701; x_wconf 87' lang='lat' dir='ltr'><strong>sum</strong></span> <span class='ocrx_word' id='word_1_148' title='bbox 381 2642 573 2715; x_wconf 84' lang='lat' dir='ltr'><strong>dignus</strong></span> <span class='ocrx_word' id='word_1_149' title='bbox 606 2639 785 2698; x_wconf 86' lang='lat' dir='ltr'><strong>vocari</strong></span> <span class='ocrx_word' id='word_1_150' title='bbox 821 2640 1145 2712; x_wconf 73' lang='lat' dir='ltr'><strong>Apostolus,</strong></span> <span class='ocrx_word' id='word_1_151' title='bbox 1192 2641 1450 2712; x_wconf 75' lang='lat' dir='ltr'><strong>quoniam</strong></span> <span class='ocrx_word' id='word_1_152' title='bbox 1486 2651 1760 2713; x_wconf 72' lang='lat' dir='ltr'><strong>persecuta</strong></span> 
     </span>
     <span class='ocr_line' id='line_1_25' title="bbox 216 2726 814 2786; baseline -0.003 0"><span class='ocrx_word' id='word_1_153' title='bbox 216 2751 336 2786; x_wconf 87' lang='lat' dir='ltr'><strong>sum</strong></span> <span class='ocrx_word' id='word_1_154' title='bbox 362 2727 659 2786; x_wconf 85' lang='lat' dir='ltr'><strong>Ecclesiam</strong></span> <span class='ocrx_word' id='word_1_155' title='bbox 688 2726 814 2784; x_wconf 86' lang='lat' dir='ltr'><strong>Dei.</strong></span> 
     </span>
    </p>
   </div>
   <div class='ocr_carea' id='block_1_13' title="bbox 294 2829 1760 2906">
    <p class='ocr_par' dir='ltr' id='par_1_14' title="bbox 294 2829 1760 2906">
     <span class='ocr_line' id='line_1_26' title="bbox 294 2829 1760 2906; baseline -0.001 -19"><span class='ocrx_word' id='word_1_156' title='bbox 294 2853 374 2889; x_wconf 75' lang='grc' dir='ltr'><strong>ιο.</strong></span> <span class='ocrx_word' id='word_1_157' title='bbox 391 2831 581 2890; x_wconf 57' lang='lat' dir='ltr'><strong>Gratia</strong></span> <span class='ocrx_word' id='word_1_158' title='bbox 597 2831 877 2891; x_wconf 78' lang='lat' dir='ltr'><strong>autemDei</strong></span> <span class='ocrx_word' id='word_1_159' title='bbox 891 2854 1011 2892; x_wconf 90' lang='lat' dir='ltr'><strong>sum</strong></span> <span class='ocrx_word' id='word_1_160' title='bbox 1035 2832 1093 2891; x_wconf 89' lang='lat' dir='ltr'><strong>id</strong></span> <span class='ocrx_word' id='word_1_161' title='bbox 1114 2833 1258 2906; x_wconf 92' lang='lat' dir='ltr'><strong>quod</strong></span> <span class='ocrx_word' id='word_1_162' title='bbox 1274 2854 1413 2905; x_wconf 88' lang='lat' dir='ltr'><strong>sum,</strong></span> <span class='ocrx_word' id='word_1_163' title='bbox 1431 2843 1483 2890; x_wconf 82' lang='lat' dir='ltr'><strong>et</strong></span> <span class='ocrx_word' id='word_1_164' title='bbox 1501 2831 1668 2906; x_wconf 77' lang='lat' dir='ltr'><strong>gratia</strong></span> <span class='ocrx_word' id='word_1_165' title='bbox 1679 2829 1760 2901; x_wconf 86' lang='lat' dir='ltr'><strong>eju</strong></span> 
     </span>
    </p>
   </div>
  </div>
 </body>
</html>
