1760 3210
154 53 260 122 384
449 71 636 109 rmum
670 51 937 109 11³1er
956 70 1043 108 <ao
1074 69 1400 108 coummos
1733 114 1749 126 ‚

155 143 263 201 alia
283 141 503 214 quidem
523 139 816 198 coelestium
835 139 1006 214 gloria
1019 183 1034 211 ,
1055 140 1160 197 alia
1176 146 1376 198 autem·
1390 143 1741 204 term-ennium.

223 387 704 466 41.Alia'clari1as
746 397 905 468 solis,
933 398 1035 456 alia
1076 399 1288 457 claritas
1327 400 1499 469 lunae,
1534 412 1594 458 et
1621 401 1730 459 alia

155 487 367 546 claritas
389 489 710 546 stellarum:
697 487 898 546 ·Stella
924 487 1068 568 enim
1093 492 1122 546 ὲ
1140 487 1293 546 stella
1327 487 1544 544 differt
1527 509 1584 577 in
1612 489 1730 547 cia-

151 574 344 632 ritate:

217 670 298 731 42.
330 663 418 721 Sic
440 676 490 721 et
509 663 823 722 resurrectio
841 676 1194 721 mortuorum.
1212 661 1547 721 Seminatur
1529 682 1588 717 m
1605 676 1725 727 1:01·-⁴

144 752 420 823 ruptione,
445 766 621 827 surget
644 752 701 808 in
718 751 1140 823 incorruptione.

213 977 296 1040 43.
319 972 627 1029 Seminatur
645 972 703 1027 in
723 969 1054 1045 ignobilitate
1073 1014 1086 1039 ‚
1114 983 1285 1044 surget
1316 971 1376 1027 in
1399 969 1564 1041 gloria
1588 995 1608 1026 ε
1627 986 1721 1030 se-·.'

142 1059 379 1116 minatur
400 1060 458 1116 in
478 1060 821 1130 infirmitate,
842 1072 1022 1133 surget
1041 1060 1100 1117 in
1122 1058 1317 1133 virtute
1357 1083 1371 1114 z

207 1215 292 1277 44.
323 1209 633 1267 Seminatur
659 1231 853 1281 corpus
879 1209 1137 1276 animale,
1168 1221 1345 1283 surget
1372 1228 1568 1277 corpus
1591 1205 1715 1278 spi-

43 1316 46 1318 ·
135 1298 303 1356 ritale.
344 1299 405 1356 Si
442 1312 520 1357 est
560 1321 756 1370 corpus
786 1298 1051 1367 animale,
1079 1310 1158 1354 est
1193 1311 1245 1354 et
1279 1297 1548 1366 spiritale,
1571 1289 1714 1353 sicut

133 1387 393 1458 scriptum
419 1400 537 1445 est.

151 1580 154 1583 ’
199 1582 287 1648 45.
319 1580 368 1636 F
372 1593 519 1638 actus
543 1594 621 1638 est
655 1581 857 1652 primus
886 1587 1047 1639 homo
1071 1584 1244 1640 Adam
1265 1584 1322 1640 in
1348 1584 1585 1641 animam
1619 1582 1706 1640 iri-

128 1682 340 1727 ventem
356 1715 370 1742 ,
395 1671 714 1728 novissimus
742 1673 914 1728 Adam
935 1672 992 1727 in
1011 1671 1258 1742 spiritum
1278 1673 1670 1731 vivificantem.'

198 1959 282 2020 46.
309 1955 416 2011 Sed
437 1977 547 2011 non
573 1956 718 2027 prius
739 1958 883 2027 quod
903 1958 1136 2029 spiritale
1157 1971 1260 2028 est,
1291 1959 1385 2016 sed
1417 1957 1562 2029 quod
1584 1958 1699 2016 ani-

127 2041 318 2099 male:
348 2043 540 2116 deinde
563 2046 707 2115 quod
733 2047 986 2117 spiritale.

190 2179 277 2245 47.
306 2173 526 2230 Primus
549 2174 712 2232 homo
731 2177 796 2233 de
821 2189 990 2247 terra,
1014 2190 1281 2235 terrenus:
1308 2176 1575 2235 secundus
1597 2175 1699 2235 ho·

119 2283 211 2319 mo
237 2262 302 2318 de
327 2263 463 2320 coelo
484 2307 498 2334 ,
536 2264 774 2322 coelestis.

180 2422 277 2507 ⁴AS.
301 2439 495 2514 Qualis
524 2453 794 2513 terrenus,
821 2443 952 2500 tales
981 2455 1031 2500 et
1052 2442 1248 2499 terreni
1274 2454 1359 2500 :et
1385 2441 1558 2514 qualis
1584 2462 1695 2500 coe·

120 2527 268 2611 lestis
284 2572 298 2598 ‚
322 2527 452 2584 tales
475 2541 524 2585 et
546 2530 802 2589 coelestes.

184 2660 269 2728 49.
291 2655 479 2724 Igitur,
507 2657 642 2714 sicut
667 2659 982 2729 portavimus
1005 2660 1293 2735 imaginem
1316 2660 1508 2719 terreni
1527 2703 1543 2732 ‚
1565 2681 1694 2733 por·

111 2753 287 2801 temus
318 2758 369 2800 et
391 2746 677 2820 imaginem
704 2749 947 2809 coelestis.
