1760 3210
158 56 262 128 278
478 57 659 110 aarum
693 44 961 110 uarsrotAE
976 94 977 99 κ
994 70 1064 110 im
1097 60 1408 112 conum-mos

158 148 287 214 quod
315 148 378 198 ob
403 149 643 213 magistros
666 157 794 203 erant
825 149 977 200 divisi.
1002 147 1146 212 Hinc,
1179 157 1230 201 ut
1253 147 1486 223 Gagnaeus
1508 150 1648 205 refert
1708 186 1710 188 >

157 225 433 291 quibusdam
468 223 660 290 Graecis,
694 230 857 278 nonin
887 230 1120 277 communi
1153 223 1533 290 mensa‚'Christi
1571 249 1684 299 corp

156 308 204 351 et
246 303 516 369 sanguin-em
550 304 813 369 sumebant,
851 303 936 354 sed
976 305 1206 369 privatim,
1254 313 1391 372 prout
1427 308 1566 358 variae
1605 325 1717 360 eran

156 387 310 431 sectas.
1742 390 1744 394 '

227 454 285 507 In
318 459 618 525 sequentibus
639 460 870 511 videbitur
906 457 1030 524 quod
1051 476 1273 526 pauperes
1308 463 1334 511 a
1355 460 1578 515 divitibus‘
1594 480 1703 530 sper

157 544 396 597 nerentur,
426 546 471 588 et
489 540 546 588 ab
568 538 747 589 illorum
777 537 1006 588 conviviis
1024 538 1310 588 arcebantur.
1332 536 1554 607 Hincque
1582 557 1680 590 rurs

157 612 325 665 divisio
366 623 413 665 et
455 618 679 668 scissurae.

226 693 292 742 Et
316 696 379 743 ex'
398 705 535 760 parte
556 696 706 746 credo.
739 690 826 745 Gr.
848 701 1023 761 partem
1050 693 1246 760 aliquam
1266 694 1426 759 crede,
1447 695 1618 747 scilicet
1645 713 1744 747 eo-

153 787 255 822 rum
278 789 379 837 quae
415 771 531 824 mihi
553 773 612 824 de
645 775 782 825 vobis
806 773 1033 825 dicuntur.
1336 791 1339 794 ’
1757 776 1760 783 '

228 847 298 912 Y.
346 867 424 919 19.
449 849 582 900 Nam
618 859 796 917 oportet
830 859 875 899 et
907 851 1103 899 hoeteses
1131 867 1244 900 esse.
1264 886 1278 899 .
1297 884 1312 900 .
1348 844 1435 899 Gr.
1458 856 1507 900 et
1527 852 1576 901 in
1603 827 1760 1103 vobi}

153 926 355 979 haereses
383 946 505 979 esse
544 927 667 978 Vide
698 926 1025 994 paraphrasim.

226 1003 379 1056 Graeci
407 1024 487 1072 per
512 1006 710 1056 haereses
731 1004 986 1069 intelligunt
1006 1004 1084 1054 hic
1104 1003 1451 1055 dissensiones·
1436 1023 1483 1056 m
1501 1009 1735 1096 moribus,

151 1086 270 1134 sicut
291 1092 335 1134 et
354 1101 437 1149 per
464 1083 690 1142 schisma;
718 1082 803 1133 sed
822 1082 984 1133 melius
1004 1080 1155 1132 Latini
1176 1082 1428 1148 intelligunt
1447 1085 1661 1135 scissuras
1685 1085 1760 1166 in,

151 1162 263 1223 fide,
307 1181 388 1214 seu
423 1162 553 1213 falsas
593 1164 835 1229 opiniones
874 1164 989 1212 circa
1016 1161 1242 1226 dogmata.
1279 1158 1347 1212 Ita
1386 1168 1440 1211 ut
1471 1159 1533 1212 D.
1564 1159 1760 1215 Paulu

150 1250 490 1306 argumentetur
513 1246 538 1292 a
573 1243 748 1303 majori,
782 1240 975 1305 Oportet
1013 1248 1058 1288 ει
1106 1240 1304 1289 lzoereses
1341 1257 1439 1288 esse
1466 1240 1589 1288 inter
1624 1259 1711 1292 vos

222 1475 431 1539 Oportet.
465 1472 929 1524 Moraliter'necesse
968 1480 1069 1534 est‚-
1089 1467 1240 1539 posita
1278 1469 1449 1521 scilicet
1486 1468 1647 1524 homin
1723 1534 1726 1540 Ι

146 1553 394 1605 multorum
425 1552 640 1617 superbia
676 1560 723 1602 et
759 1551 1022 1618 pertinacia.
1052 1552 1115 1600 Et
1150 1553 1198 1600 in
1225 1551 1376 1603 vobis.
1402 1547 1509 1601 Nec
1542 1560 1613 1603 est
1635 1552 1683 1602 ul

145 1632 281 1695 ratio,
310 1648 388 1680 cur
423 1638 574 1680 vestra
594 1626 801 1680 Ecclesia
819 1634 846 1680 a
881 1630 958 1680 tali
991 1628 1112 1679 malo
1134 1630 1284 1696 potius
1320 1632 1565 1694 eximatur,
1594 1634 1682 1697 qua

147 1708 265 1760 aliae.

219 1788 439 1837 Haereses
457 1804 572 1846 esse,
598 1785 648 1837 id
671 1793 758 1847 est,
786 1787 1000 1836 scissuras
1034 1786 1152 1834 circa
1178 1783 1391 1850 dogmata
1415 1779 1549 1832 fidei.

217 1861 431 1914 Haeresis
455 1863 672 1929 equidem
695 1864 820 1926 olim,
846 1865 961 1913 sicut
987 1870 1031 1912 et
1054 1869 1195 1923 secta,
1226 1879 1323 1911 vox
1358 1859 1446 1909 suit
1475 1858 1647 1923 media,
1683 1861 1696 1874 ⁹

146 1940 320 1991 bonam
343 1951 389 1992 et
422 1940 588 1990 malam
616 1949 822 2008 partem;
862 1939 945 1990 sed
979 1940 1212 1988 communi
1246 1954 1371 1988 nunc
1404 1953 1508 1998 usu,
1547 1939 1594 1987 in
1621 1954 1667 1987 m
1722 1989 1733 1995 ,

145 2019 239 2070 lam
278 2022 489 2082 sumitur,
535 2029 582 2070 et
615 2019 835 2085 significat
861 2021 1102 2068 scissuram
1126 2019 1175 2067 in
1197 2015 1309 2066 fidei
1349 2015 1656 2081 dogmatibus.
1716 2032 1734 2087 J

226 2101 292 2150 Ut
316 2109 363 2150 ct
383 2102 465 2167 qui
479 2101 673 2166 probati
705 2107 865 2150 sunt...
892 2107 940 2148 ut
971 2099 1050 2164 qui
1072 2096 1231 2147 fideles
1258 2103 1363 2146 sunt
1385 2103 1430 2146 et
1450 2095 1612 2162 probi,
1644 2112 1695 2146 se
1731 2090 1734 2091 ⁷

148 2189 411 2232 constantes
450 2183 497 2231 in
533 2180 627 2230 fide
646 2182 761 2230 etin
791 2178 1027 2239 moribus,
1055 2183 1393 2243 agnoscantur,
1419 2176 1700 2243 omnibusqu

114 2312 118 2316 ,
146 2262 256 2312 fiant
279 2260 524 2311 manifesti.

184 2339 321 2400 Ut,
347 2338 565 2390 effectum
590 2345 752 2400 notat,
790 2353 886 2387 non
911 2351 1121 2395 causam,
1153 2333 1214 2383 ait
1239 2329 1392 2383 Divus
1425 2326 1689 2398 Chrysosto
1730 2387 1731 2390 Ἴ

146 2438 282 2482 mus,
309 2418 602 2483 ostenditque
622 2417 801 2465 bonum
818 2453 831 2477 ,
860 2414 984 2480 quod
1006 2411 1132 2462 Deus
1154 2428 1213 2462 ex
1241 2409 1428 2460 haeresis
1445 2408 1565 2458 malo
1586 2407 1709 2459 elicit

217 2494 315 2548 Per
331 2495 535 2546 haereses
557 2495 704 2544 scoria
722 2500 953 2560 separatur
969 2494 995 2540 a
1018 2505 1211 2556 corpore
1229 2483 1451 2538 Ecclesiae
1466 2521 1480 2548 ‚
1503 2493 1550 2536 et
1569 2491 1733 2536 manet:

148 2595 310 2631 aurum
336 2593 519 2642 purum.

217 2664 286 2731 Y.
309 2686 392 2719 20.
420 2664 804 2716 Convenientibus
827 2678 930 2728 ergo
967 2661 1185 2713 νοόιε...’..
1212 2654 1327 2709 tactd
1353 2658 1612 2708 animorum
1631 2654 1705 2705 dis

143 2748 384 2806 sensione,
407 2746 565 2795 transit
589 2742 649 2792 ad
666 2739 850 2807 Agapes
871 2737 1227 2800 reformandas,
1238 2739 1391 2803 aitque
1409 2732 1534 2801 quod
1557 2735 1585 2783 a
1605 2727 1700 2784 Do

142 2824 257 2876 mini
273 2837 404 2872 coena
424 2821 576 2870 absint
601 2818 865 2884 longissime
890 2814 1236 2868 Corinthiorum
1258 2810 1466 2882 AgapeS.
1518 2846 1524 2855 ι

152 2921 163 2931 -·
211 2896 372 2966 Sane,
391 2917 448 2951 eo
474 2915 564 2967 quo
596 2899 853 2952 convenitis
879 2894 1052 2958 modo,
1091 2894 1370 2945 dominicam
1407 2903 1589 2942 coenam
1626 2903 1692 2938 no
