<?xml version="1.0" encoding="UTF-8"?>
<!DOCTYPE html PUBLIC "-//W3C//DTD XHTML 1.0 Transitional//EN"
    "http://www.w3.org/TR/xhtml1/DTD/xhtml1-transitional.dtd">
<html xmlns="http://www.w3.org/1999/xhtml" xml:lang="en" lang="en">
 <head>
  <title>
</title>
<meta http-equiv="Content-Type" content="text/html;charset=utf-8" />
  <meta name='ocr-system' content='tesseract 3.04.00' />
  <meta name='ocr-capabilities' content='ocr_page ocr_carea ocr_par ocr_line ocrx_word'/>
</head>
<body>
  <div class='ocr_page' id='page_1' title='image "./epistolaumbpauli02picq_0228.png"; bbox 0 0 1760 3210; ppageno 0'>
   <div class='ocr_carea' id='block_1_1' title="bbox 104 23 1389 218">
    <p class='ocr_par' dir='ltr' id='par_1_1' title="bbox 104 23 1389 218">
     <span class='ocr_line' id='line_1_1' title="bbox 104 23 1389 96; baseline 0.012 -16"><span class='ocrx_word' id='word_1_1' title='bbox 104 23 211 80; x_wconf 77' lang='lat'>218</span> <span class='ocrx_word' id='word_1_2' title='bbox 420 44 611 82; x_wconf 68' lang='lat' dir='ltr'>murm</span> <span class='ocrx_word' id='word_1_3' title='bbox 647 44 914 94; x_wconf 68' lang='lat' dir='ltr'>emsToLAE</span> <span class='ocrx_word' id='word_1_4' title='bbox 950 49 1023 86; x_wconf 67' lang='lat' dir='ltr'>An</span> <span class='ocrx_word' id='word_1_5' title='bbox 1062 48 1389 96; x_wconf 73' lang='lat' dir='ltr'>coanmos</span> 
     </span>
     <span class='ocr_line' id='line_1_2' title="bbox 773 179 1042 218; baseline -0.011 -2"><span class='ocrx_word' id='word_1_6' title='bbox 773 179 1042 218; x_wconf 71' lang='lat' dir='ltr'>secuuno.</span> 
     </span>
    </p>
   </div>
   <div class='ocr_carea' id='block_1_2' title="bbox 49 289 1760 2232">
    <p class='ocr_par' dir='ltr' id='par_1_2' title="bbox 114 289 1712 448">
     <span class='ocr_line' id='line_1_3' title="bbox 183 289 1712 366; baseline 0.016 -23"><span class='ocrx_word' id='word_1_7' title='bbox 183 289 363 344; x_wconf 81' lang='lat' dir='ltr'>&#39;Omnis</span> <span class='ocrx_word' id='word_1_8' title='bbox 386 301 433 344; x_wconf 90' lang='lat' dir='ltr'>et</span> <span class='ocrx_word' id='word_1_9' title='bbox 472 294 663 361; x_wconf 77' lang='lat' dir='ltr'>quilibet</span> <span class='ocrx_word' id='word_1_10' title='bbox 687 293 976 348; x_wconf 81' lang='lat' dir='ltr'>Christianus</span> <span class='ocrx_word' id='word_1_11' title='bbox 1009 310 1207 353; x_wconf 85' lang='lat' dir='ltr'>assumat</span> <span class='ocrx_word' id='word_1_12' title='bbox 1241 303 1370 357; x_wconf 75' lang='lat' dir='ltr'>velut</span> <span class='ocrx_word' id='word_1_13' title='bbox 1409 307 1501 360; x_wconf 79' lang='lat' dir='ltr'>sibi</span> <span class='ocrx_word' id='word_1_14' title='bbox 1535 310 1656 366; x_wconf 76' lang='lat' dir='ltr'>dicia</span> <span class='ocrx_word' id='word_1_15' title='bbox 1684 316 1712 366; x_wconf 70' lang='grc' dir='ltr'>ὲ</span> 
     </span>
     <span class='ocr_line' id='line_1_4' title="bbox 114 372 1430 448; baseline 0.008 -24"><span class='ocrx_word' id='word_1_16' title='bbox 114 389 255 424; x_wconf 82' lang='lat' dir='ltr'>versu</span> <span class='ocrx_word' id='word_1_17' title='bbox 279 372 363 434; x_wconf 74' lang='lat'>24.</span> <span class='ocrx_word' id='word_1_18' title='bbox 383 389 530 439; x_wconf 89' lang='lat' dir='ltr'>usque</span> <span class='ocrx_word' id='word_1_19' title='bbox 549 373 608 424; x_wconf 87' lang='lat' dir='ltr'>ad</span> <span class='ocrx_word' id='word_1_20' title='bbox 629 374 773 425; x_wconf 88' lang='lat' dir='ltr'><strong>finem</strong></span> <span class='ocrx_word' id='word_1_21' title='bbox 799 378 966 441; x_wconf 84' lang='lat' dir='ltr'>capitis</span> <span class='ocrx_word' id='word_1_22' title='bbox 983 415 997 440; x_wconf 93' lang='lat'>‚</span> <span class='ocrx_word' id='word_1_23' title='bbox 1025 376 1226 445; x_wconf 79' lang='lat' dir='ltr'>hincque</span> <span class='ocrx_word' id='word_1_24' title='bbox 1249 381 1396 435; x_wconf 85' lang='lat' dir='ltr'>discat</span> <span class='ocrx_word' id='word_1_25' title='bbox 1413 423 1430 448; x_wconf 87' lang='lat'>‚</span> 
     </span>
    </p>

    <p class='ocr_par' dir='ltr' id='par_1_3' title="bbox 193 451 1639 532">
     <span class='ocr_line' id='line_1_5' title="bbox 193 451 1639 532; baseline 0.011 -27"><span class='ocrx_word' id='word_1_26' title='bbox 193 451 357 505; x_wconf 66' lang='lat' dir='ltr'>Primo</span> <span class='ocrx_word' id='word_1_27' title='bbox 374 491 389 517; x_wconf 85' lang='lat'>‚</span> <span class='ocrx_word' id='word_1_28' title='bbox 414 456 538 521; x_wconf 73' lang='lat' dir='ltr'>qubd</span> <span class='ocrx_word' id='word_1_29' title='bbox 559 459 652 508; x_wconf 87' lang='lat' dir='ltr'>vita</span> <span class='ocrx_word' id='word_1_30' title='bbox 674 455 931 509; x_wconf 83' lang='lat' dir='ltr'>Christiana</span> <span class='ocrx_word' id='word_1_31' title='bbox 958 461 1016 510; x_wconf 90' lang='lat' dir='ltr'>sit</span> <span class='ocrx_word' id='word_1_32' title='bbox 1035 462 1232 513; x_wconf 86' lang='lat' dir='ltr'>stadium</span> <span class='ocrx_word' id='word_1_33' title='bbox 1261 472 1307 519; x_wconf 85' lang='lat' dir='ltr'>et</span> <span class='ocrx_word' id='word_1_34' title='bbox 1329 467 1552 532; x_wconf 84' lang='lat' dir='ltr'>palaestra.</span> <span class='ocrx_word' id='word_1_35' title='bbox 1634 460 1639 487; x_wconf 74' lang='lat'><em>³</em></span> 
     </span>
    </p>

    <p class='ocr_par' dir='ltr' id='par_1_4' title="bbox 118 533 1713 682">
     <span class='ocr_line' id='line_1_6' title="bbox 186 533 1713 606; baseline 0.011 -19"><span class='ocrx_word' id='word_1_36' title='bbox 186 533 405 588; x_wconf 62' lang='lat' dir='ltr'>Secunde</span> <span class='ocrx_word' id='word_1_37' title='bbox 423 576 436 600; x_wconf 91' lang='lat'>‚</span> <span class='ocrx_word' id='word_1_38' title='bbox 463 539 594 603; x_wconf 80' lang='lat' dir='ltr'>qubd</span> <span class='ocrx_word' id='word_1_39' title='bbox 620 542 935 606; x_wconf 89' lang='lat' dir='ltr'>unusquisque</span> <span class='ocrx_word' id='word_1_40' title='bbox 961 538 1249 597; x_wconf 81' lang='lat' dir='ltr'>Christianus</span> <span class='ocrx_word' id='word_1_41' title='bbox 1284 548 1624 605; x_wconf 79' lang='lat' dir='ltr'>stadiodromus</span> <span class='ocrx_word' id='word_1_42' title='bbox 1651 546 1713 604; x_wconf 72' lang='lat' dir='ltr'>sit</span> 
     </span>
     <span class='ocr_line' id='line_1_7' title="bbox 118 611 1243 682; baseline 0.009 -20"><span class='ocrx_word' id='word_1_43' title='bbox 118 619 166 663; x_wconf 84' lang='lat' dir='ltr'>et</span> <span class='ocrx_word' id='word_1_44' title='bbox 194 611 317 678; x_wconf 83' lang='lat' dir='ltr'>pugil</span> <span class='ocrx_word' id='word_1_45' title='bbox 349 631 361 664; x_wconf 69' lang='grc' dir='ltr'>ι</span> <span class='ocrx_word' id='word_1_46' title='bbox 382 612 494 664; x_wconf 88' lang='lat' dir='ltr'>hinc</span> <span class='ocrx_word' id='word_1_47' title='bbox 516 617 564 665; x_wconf 90' lang='lat' dir='ltr'>in</span> <span class='ocrx_word' id='word_1_48' title='bbox 587 616 818 682; x_wconf 83' lang='lat' dir='ltr'>baptismo</span> <span class='ocrx_word' id='word_1_49' title='bbox 837 625 1000 668; x_wconf 88' lang='lat' dir='ltr'>unctus</span> <span class='ocrx_word' id='word_1_50' title='bbox 1017 617 1098 670; x_wconf 87' lang='lat' dir='ltr'>suit</span> <span class='ocrx_word' id='word_1_51' title='bbox 1122 621 1243 673; x_wconf 85' lang='lat' dir='ltr'>oleo.</span> 
     </span>
    </p>

    <p class='ocr_par' dir='ltr' id='par_1_5' title="bbox 49 687 1711 845">
     <span class='ocr_line' id='line_1_8' title="bbox 184 687 1711 768; baseline 0.012 -29"><span class='ocrx_word' id='word_1_52' title='bbox 184 687 382 752; x_wconf 79' lang='lat' dir='ltr'>Tertib‚</span> <span class='ocrx_word' id='word_1_53' title='bbox 412 692 538 758; x_wconf 69' lang='lat' dir='ltr'>qubd</span> <span class='ocrx_word' id='word_1_54' title='bbox 562 693 609 743; x_wconf 91' lang='lat' dir='ltr'>in</span> <span class='ocrx_word' id='word_1_55' title='bbox 636 693 732 744; x_wconf 91' lang='lat' dir='ltr'>hoc</span> <span class='ocrx_word' id='word_1_56' title='bbox 759 694 907 746; x_wconf 88' lang='lat' dir='ltr'>stadio</span> <span class='ocrx_word' id='word_1_57' title='bbox 927 705 974 746; x_wconf 84' lang='lat' dir='ltr'>et</span> <span class='ocrx_word' id='word_1_58' title='bbox 1013 714 1160 762; x_wconf 86' lang='lat' dir='ltr'>agone</span> <span class='ocrx_word' id='word_1_59' title='bbox 1183 740 1193 763; x_wconf 91' lang='lat'><em>,</em></span> <span class='ocrx_word' id='word_1_60' title='bbox 1221 705 1506 768; x_wconf 82' lang='lat' dir='ltr'>antagonista</span> <span class='ocrx_word' id='word_1_61' title='bbox 1547 711 1711 756; x_wconf 70' lang='lat' dir='ltr'>noster</span> 
     </span>
     <span class='ocr_line' id='line_1_9' title="bbox 49 769 1709 845; baseline 0.01 -29"><span class='ocrx_word' id='word_1_62' title='bbox 49 803 52 805; x_wconf 92' lang='lat'>-</span> <span class='ocrx_word' id='word_1_63' title='bbox 116 769 178 818; x_wconf 85' lang='lat' dir='ltr'>sit</span> <span class='ocrx_word' id='word_1_64' title='bbox 194 785 300 818; x_wconf 81' lang='lat' dir='ltr'>caro</span> <span class='ocrx_word' id='word_1_65' title='bbox 322 804 336 830; x_wconf 89' lang='lat'>‚</span> <span class='ocrx_word' id='word_1_66' title='bbox 358 769 557 820; x_wconf 91' lang='lat' dir='ltr'>mundus</span> <span class='ocrx_word' id='word_1_67' title='bbox 573 807 586 832; x_wconf 82' lang='lat'>‚</span> <span class='ocrx_word' id='word_1_68' title='bbox 621 779 667 821; x_wconf 92' lang='lat' dir='ltr'>et</span> <span class='ocrx_word' id='word_1_69' title='bbox 683 771 871 823; x_wconf 84' lang='lat' dir='ltr'>daemon</span> <span class='ocrx_word' id='word_1_70' title='bbox 898 792 909 822; x_wconf 73' lang='grc' dir='ltr'>ε</span> <span class='ocrx_word' id='word_1_71' title='bbox 941 776 1000 824; x_wconf 86' lang='lat' dir='ltr'>ita</span> <span class='ocrx_word' id='word_1_72' title='bbox 1028 783 1179 827; x_wconf 84' lang='lat' dir='ltr'>tamen</span> <span class='ocrx_word' id='word_1_73' title='bbox 1198 814 1211 840; x_wconf 94' lang='lat'>‚</span> <span class='ocrx_word' id='word_1_74' title='bbox 1242 786 1290 828; x_wconf 90' lang='lat' dir='ltr'>ut</span> <span class='ocrx_word' id='word_1_75' title='bbox 1314 777 1462 845; x_wconf 60' lang='lat' dir='ltr'>prima</span> <span class='ocrx_word' id='word_1_76' title='bbox 1486 779 1709 845; x_wconf 58' lang='lat' dir='ltr'>subacta,</span> 
     </span>
    </p>

    <p class='ocr_par' dir='ltr' id='par_1_6' title="bbox 115 840 1523 913">
     <span class='ocr_line' id='line_1_10' title="bbox 115 840 1523 913; baseline 0.006 -15"><span class='ocrx_word' id='word_1_77' title='bbox 115 840 390 913; x_wconf 75' lang='lat' dir='ltr'>subigantur</span> <span class='ocrx_word' id='word_1_78' title='bbox 417 858 463 900; x_wconf 88' lang='lat' dir='ltr'>et</span> <span class='ocrx_word' id='word_1_79' title='bbox 484 851 574 902; x_wconf 84' lang='lat' dir='ltr'>alii.</span> <span class='ocrx_word' id='word_1_80' title='bbox 1519 880 1523 882; x_wconf 93' lang='lat'>·</span> 
     </span>
    </p>

    <p class='ocr_par' dir='ltr' id='par_1_7' title="bbox 188 924 1238 999">
     <span class='ocr_line' id='line_1_11' title="bbox 188 924 1238 999; baseline 0.008 -22"><span class='ocrx_word' id='word_1_81' title='bbox 188 924 369 991; x_wconf 62' lang='lat' dir='ltr'>Quarti&gt;</span> <span class='ocrx_word' id='word_1_82' title='bbox 384 966 398 991; x_wconf 87' lang='lat'>‚</span> <span class='ocrx_word' id='word_1_83' title='bbox 423 931 547 995; x_wconf 70' lang='lat' dir='ltr'>qubd</span> <span class='ocrx_word' id='word_1_84' title='bbox 571 931 780 981; x_wconf 87' lang='lat' dir='ltr'>bravium</span> <span class='ocrx_word' id='word_1_85' title='bbox 809 933 868 981; x_wconf 87' lang='lat' dir='ltr'>sit</span> <span class='ocrx_word' id='word_1_86' title='bbox 887 939 1060 982; x_wconf 80' lang='lat' dir='ltr'>aeterna</span> <span class='ocrx_word' id='word_1_87' title='bbox 1082 931 1238 999; x_wconf 78' lang='lat' dir='ltr'>gioria.</span> 
     </span>
    </p>

    <p class='ocr_par' dir='ltr' id='par_1_8' title="bbox 115 1003 1708 1149">
     <span class='ocr_line' id='line_1_12' title="bbox 189 1003 1708 1078; baseline 0.005 -22"><span class='ocrx_word' id='word_1_88' title='bbox 189 1003 396 1069; x_wconf 61' lang='lat' dir='ltr'>Quinto,</span> <span class='ocrx_word' id='word_1_89' title='bbox 433 1010 558 1074; x_wconf 73' lang='lat' dir='ltr'>qubd</span> <span class='ocrx_word' id='word_1_90' title='bbox 581 1009 862 1076; x_wconf 84' lang='lat' dir='ltr'>coliphium‚</span> <span class='ocrx_word' id='word_1_91' title='bbox 888 1029 970 1062; x_wconf 90' lang='lat' dir='ltr'>seu</span> <span class='ocrx_word' id='word_1_92' title='bbox 1000 1017 1131 1078; x_wconf 90' lang='lat' dir='ltr'>panis</span> <span class='ocrx_word' id='word_1_93' title='bbox 1164 1013 1430 1077; x_wconf 63' lang='lat' dir='ltr'>athleticam,</span> <span class='ocrx_word' id='word_1_94' title='bbox 1458 1017 1519 1064; x_wconf 88' lang='lat' dir='ltr'>sit</span> <span class='ocrx_word' id='word_1_95' title='bbox 1555 1014 1708 1064; x_wconf 81' lang='lat' dir='ltr'>victus</span> 
     </span>
     <span class='ocr_line' id='line_1_13' title="bbox 115 1084 1211 1149; baseline 0.007 -16"><span class='ocrx_word' id='word_1_96' title='bbox 115 1084 298 1134; x_wconf 82' lang='lat' dir='ltr'>sobrius</span> <span class='ocrx_word' id='word_1_97' title='bbox 322 1093 367 1136; x_wconf 87' lang='lat' dir='ltr'>et</span> <span class='ocrx_word' id='word_1_98' title='bbox 386 1086 609 1149; x_wconf 86' lang='lat' dir='ltr'>jejunium</span> <span class='ocrx_word' id='word_1_99' title='bbox 631 1124 644 1149; x_wconf 83' lang='lat'><strong>‚</strong></span> <span class='ocrx_word' id='word_1_100' title='bbox 671 1087 945 1138; x_wconf 73' lang='lat' dir='ltr'>abstinentia</span> <span class='ocrx_word' id='word_1_101' title='bbox 971 1093 997 1139; x_wconf 75' lang='lat' dir='ltr'>a</span> <span class='ocrx_word' id='word_1_102' title='bbox 1022 1090 1211 1143; x_wconf 81' lang='lat' dir='ltr'>deliciis.</span> 
     </span>
    </p>

    <p class='ocr_par' dir='ltr' id='par_1_9' title="bbox 115 1160 1707 1398">
     <span class='ocr_line' id='line_1_14' title="bbox 184 1160 1707 1236; baseline 0.004 -22"><span class='ocrx_word' id='word_1_103' title='bbox 184 1160 331 1215; x_wconf 76' lang='lat' dir='ltr'>Sextb</span> <span class='ocrx_word' id='word_1_104' title='bbox 346 1202 360 1227; x_wconf 87' lang='lat'>‚</span> <span class='ocrx_word' id='word_1_105' title='bbox 393 1167 517 1232; x_wconf 72' lang='lat' dir='ltr'>qubd</span> <span class='ocrx_word' id='word_1_106' title='bbox 539 1185 687 1234; x_wconf 75' lang='lat' dir='ltr'>pugna</span> <span class='ocrx_word' id='word_1_107' title='bbox 710 1170 767 1218; x_wconf 78' lang='lat' dir='ltr'>sit</span> <span class='ocrx_word' id='word_1_108' title='bbox 790 1171 970 1220; x_wconf 84' lang='lat' dir='ltr'>virtutis</span> <span class='ocrx_word' id='word_1_109' title='bbox 994 1173 1262 1221; x_wconf 85' lang='lat' dir='ltr'>exercitium</span> <span class='ocrx_word' id='word_1_110' title='bbox 1278 1208 1292 1232; x_wconf 81' lang='lat'>‚</span> <span class='ocrx_word' id='word_1_111' title='bbox 1318 1168 1444 1236; x_wconf 85' lang='lat' dir='ltr'>quod</span> <span class='ocrx_word' id='word_1_112' title='bbox 1465 1185 1564 1220; x_wconf 87' lang='lat' dir='ltr'>non</span> <span class='ocrx_word' id='word_1_113' title='bbox 1591 1187 1707 1234; x_wconf 86' lang='lat' dir='ltr'>per-</span> 
     </span>
     <span class='ocr_line' id='line_1_15' title="bbox 115 1244 1707 1310; baseline 0.004 -16"><span class='ocrx_word' id='word_1_114' title='bbox 115 1244 262 1308; x_wconf 82' lang='lat' dir='ltr'>agitur</span> <span class='ocrx_word' id='word_1_115' title='bbox 281 1247 382 1296; x_wconf 87' lang='lat' dir='ltr'>sine</span> <span class='ocrx_word' id='word_1_116' title='bbox 402 1246 619 1298; x_wconf 86' lang='lat' dir='ltr'>conflictu</span> <span class='ocrx_word' id='word_1_117' title='bbox 637 1249 818 1297; x_wconf 82' lang='lat' dir='ltr'>interno</span> <span class='ocrx_word' id='word_1_118' title='bbox 837 1256 884 1298; x_wconf 87' lang='lat' dir='ltr'>et</span> <span class='ocrx_word' id='word_1_119' title='bbox 910 1257 1108 1300; x_wconf 86' lang='lat' dir='ltr'>externo</span> <span class='ocrx_word' id='word_1_120' title='bbox 1131 1269 1145 1310; x_wconf 75' lang='lat'>3</span> <span class='ocrx_word' id='word_1_121' title='bbox 1176 1267 1258 1300; x_wconf 91' lang='lat' dir='ltr'>seu</span> <span class='ocrx_word' id='word_1_122' title='bbox 1280 1252 1383 1299; x_wconf 86' lang='lat' dir='ltr'>sine</span> <span class='ocrx_word' id='word_1_123' title='bbox 1402 1247 1554 1304; x_wconf 82' lang='lat' dir='ltr'>cordis</span> <span class='ocrx_word' id='word_1_124' title='bbox 1570 1266 1707 1300; x_wconf 87' lang='lat' dir='ltr'>mor·-</span> 
     </span>
     <span class='ocr_line' id='line_1_16' title="bbox 118 1320 1261 1398; baseline 0.006 -29"><span class='ocrx_word' id='word_1_125' title='bbox 118 1320 373 1373; x_wconf 83' lang='lat' dir='ltr'>tificatione</span> <span class='ocrx_word' id='word_1_126' title='bbox 389 1362 403 1386; x_wconf 91' lang='lat'>‚</span> <span class='ocrx_word' id='word_1_127' title='bbox 428 1332 474 1374; x_wconf 88' lang='lat' dir='ltr'>et</span> <span class='ocrx_word' id='word_1_128' title='bbox 498 1327 702 1392; x_wconf 88' lang='lat' dir='ltr'>corporis</span> <span class='ocrx_word' id='word_1_129' title='bbox 727 1327 1037 1389; x_wconf 79' lang='lat' dir='ltr'>castigatione.</span> <span class='ocrx_word' id='word_1_130' title='bbox 1259 1396 1261 1398; x_wconf 10' lang='lat' dir='ltr'>q</span> 
     </span>
    </p>

    <p class='ocr_par' dir='ltr' id='par_1_10' title="bbox 187 1394 1582 1469">
     <span class='ocr_line' id='line_1_17' title="bbox 187 1394 1582 1469; baseline 0.004 -21"><span class='ocrx_word' id='word_1_131' title='bbox 187 1394 344 1449; x_wconf 90' lang='lat' dir='ltr'>Nobis</span> <span class='ocrx_word' id='word_1_132' title='bbox 364 1402 579 1451; x_wconf 90' lang='lat' dir='ltr'>omnibus</span> <span class='ocrx_word' id='word_1_133' title='bbox 598 1403 750 1464; x_wconf 83' lang='lat' dir='ltr'>itaque</span> <span class='ocrx_word' id='word_1_134' title='bbox 771 1402 1074 1468; x_wconf 84' lang='lat' dir='ltr'>pugnandum</span> <span class='ocrx_word' id='word_1_135' title='bbox 1093 1440 1106 1464; x_wconf 82' lang='lat'>‚</span> <span class='ocrx_word' id='word_1_136' title='bbox 1130 1404 1268 1453; x_wconf 90' lang='lat' dir='ltr'>nobis</span> <span class='ocrx_word' id='word_1_137' title='bbox 1288 1401 1582 1469; x_wconf 82' lang='lat' dir='ltr'>currendum.</span> 
     </span>
    </p>

    <p class='ocr_par' dir='ltr' id='par_1_11' title="bbox 115 1472 1707 1696">
     <span class='ocr_line' id='line_1_18' title="bbox 187 1472 1705 1550; baseline 0.003 -23"><span class='ocrx_word' id='word_1_138' title='bbox 187 1472 273 1527; x_wconf 90' lang='lat' dir='ltr'>Ad</span> <span class='ocrx_word' id='word_1_139' title='bbox 300 1480 568 1545; x_wconf 85' lang='lat' dir='ltr'>exemplum</span> <span class='ocrx_word' id='word_1_140' title='bbox 591 1477 655 1530; x_wconf 92' lang='lat' dir='ltr'>D.</span> <span class='ocrx_word' id='word_1_141' title='bbox 674 1477 807 1531; x_wconf 79' lang='lat' dir='ltr'>Pauli</span> <span class='ocrx_word' id='word_1_142' title='bbox 828 1484 894 1531; x_wconf 85' lang='lat' dir='ltr'>sic</span> <span class='ocrx_word' id='word_1_143' title='bbox 915 1500 1144 1533; x_wconf 85' lang='lat' dir='ltr'>curramus</span> <span class='ocrx_word' id='word_1_144' title='bbox 1169 1488 1308 1543; x_wconf 76' lang='lat' dir='ltr'>recte,</span> <span class='ocrx_word' id='word_1_145' title='bbox 1332 1486 1567 1550; x_wconf 70' lang='lat' dir='ltr'>prompte,</span> <span class='ocrx_word' id='word_1_146' title='bbox 1585 1498 1705 1547; x_wconf 90' lang='lat' dir='ltr'>per-</span> 
     </span>
     <span class='ocr_line' id='line_1_19' title="bbox 115 1559 1707 1629; baseline 0.002 -22"><span class='ocrx_word' id='word_1_147' title='bbox 115 1567 404 1620; x_wconf 73' lang='lat' dir='ltr'>severanter,</span> <span class='ocrx_word' id='word_1_148' title='bbox 431 1568 481 1610; x_wconf 89' lang='lat' dir='ltr'>ut</span> <span class='ocrx_word' id='word_1_149' title='bbox 523 1559 721 1627; x_wconf 78' lang='lat' dir='ltr'>palmam</span> <span class='ocrx_word' id='word_1_150' title='bbox 747 1560 936 1611; x_wconf 89' lang='lat' dir='ltr'>tandem</span> <span class='ocrx_word' id='word_1_151' title='bbox 979 1561 1398 1629; x_wconf 75' lang='lat' dir='ltr'>apprehendamus·</span> <span class='ocrx_word' id='word_1_152' title='bbox 1435 1559 1562 1613; x_wconf 87' lang='lat' dir='ltr'>Vide</span> <span class='ocrx_word' id='word_1_153' title='bbox 1583 1561 1707 1612; x_wconf 83' lang='lat' dir='ltr'>dicta</span> 
     </span>
     <span class='ocr_line' id='line_1_20' title="bbox 118 1625 1620 1696; baseline 0.004 -10"><span class='ocrx_word' id='word_1_154' title='bbox 118 1633 176 1686; x_wconf 74' lang='lat' dir='ltr'>ad</span> <span class='ocrx_word' id='word_1_155' title='bbox 202 1625 266 1686; x_wconf 63' lang='grc' dir='ltr'>Ῠ.’</span> <span class='ocrx_word' id='word_1_156' title='bbox 287 1634 370 1686; x_wconf 80' lang='lat'>26.</span> <span class='ocrx_word' id='word_1_157' title='bbox 394 1654 480 1696; x_wconf 80' lang='lat'>27.</span> <span class='ocrx_word' id='word_1_158' title='bbox 627 1693 630 1694; x_wconf 12' lang='lat'><em>⁷</em></span> <span class='ocrx_word' id='word_1_159' title='bbox 1616 1658 1620 1663; x_wconf 87' lang='lat'><em>·</em></span> 
     </span>
    </p>

    <p class='ocr_par' dir='ltr' id='par_1_12' title="bbox 119 1709 1703 1857">
     <span class='ocr_line' id='line_1_21' title="bbox 188 1709 1703 1782; baseline 0.001 -19"><span class='ocrx_word' id='word_1_160' title='bbox 188 1710 249 1763; x_wconf 87' lang='lat' dir='ltr'>In</span> <span class='ocrx_word' id='word_1_161' title='bbox 269 1712 360 1764; x_wconf 82' lang='lat' dir='ltr'>hoc</span> <span class='ocrx_word' id='word_1_162' title='bbox 377 1731 509 1765; x_wconf 91' lang='lat' dir='ltr'>cursu</span> <span class='ocrx_word' id='word_1_163' title='bbox 530 1717 690 1766; x_wconf 83' lang='lat' dir='ltr'>sistere</span> <span class='ocrx_word' id='word_1_164' title='bbox 707 1752 720 1777; x_wconf 91' lang='lat'>,</span> <span class='ocrx_word' id='word_1_165' title='bbox 751 1716 932 1782; x_wconf 85' lang='lat' dir='ltr'>regredi</span> <span class='ocrx_word' id='word_1_166' title='bbox 955 1725 1025 1767; x_wconf 89' lang='lat' dir='ltr'>est</span> <span class='ocrx_word' id='word_1_167' title='bbox 1064 1724 1110 1766; x_wconf 87' lang='lat' dir='ltr'>et</span> <span class='ocrx_word' id='word_1_168' title='bbox 1138 1717 1333 1768; x_wconf 81' lang='lat' dir='ltr'>deficere</span> <span class='ocrx_word' id='word_1_169' title='bbox 1349 1754 1363 1781; x_wconf 88' lang='lat'>‚</span> <span class='ocrx_word' id='word_1_170' title='bbox 1389 1719 1451 1774; x_wconf 83' lang='lat' dir='ltr'>ait</span> <span class='ocrx_word' id='word_1_171' title='bbox 1475 1713 1542 1766; x_wconf 89' lang='lat' dir='ltr'>D.</span> <span class='ocrx_word' id='word_1_172' title='bbox 1569 1709 1703 1765; x_wconf 84' lang='lat' dir='ltr'>Ber-</span> 
     </span>
     <span class='ocr_line' id='line_1_22' title="bbox 119 1790 623 1857; baseline 0.006 -17"><span class='ocrx_word' id='word_1_173' title='bbox 119 1791 288 1841; x_wconf 89' lang='lat' dir='ltr'>nardus</span> <span class='ocrx_word' id='word_1_174' title='bbox 309 1828 324 1852; x_wconf 90' lang='lat'>‚</span> <span class='ocrx_word' id='word_1_175' title='bbox 347 1795 481 1857; x_wconf 85' lang='lat' dir='ltr'>epist.</span> <span class='ocrx_word' id='word_1_176' title='bbox 504 1790 623 1854; x_wconf 75' lang='lat'><strong>254.</strong></span> 
     </span>
    </p>

    <p class='ocr_par' dir='ltr' id='par_1_13' title="bbox 115 1868 1760 2089">
     <span class='ocr_line' id='line_1_23' title="bbox 185 1868 1697 1945; baseline 0.002 -23"><span class='ocrx_word' id='word_1_177' title='bbox 185 1868 269 1922; x_wconf 89' lang='lat' dir='ltr'>Ad</span> <span class='ocrx_word' id='word_1_178' title='bbox 290 1871 554 1936; x_wconf 78' lang='lat' dir='ltr'>exemplum</span> <span class='ocrx_word' id='word_1_179' title='bbox 578 1870 688 1926; x_wconf 85' lang='lat' dir='ltr'>Divi</span> <span class='ocrx_word' id='word_1_180' title='bbox 710 1872 841 1926; x_wconf 80' lang='lat' dir='ltr'>Pauli</span> <span class='ocrx_word' id='word_1_181' title='bbox 876 1878 943 1927; x_wconf 89' lang='lat' dir='ltr'>sic</span> <span class='ocrx_word' id='word_1_182' title='bbox 976 1895 1232 1945; x_wconf 84' lang='lat' dir='ltr'>pugnemus</span> <span class='ocrx_word' id='word_1_183' title='bbox 1249 1915 1261 1936; x_wconf 80' lang='grc'>,</span> <span class='ocrx_word' id='word_1_184' title='bbox 1291 1880 1357 1928; x_wconf 89' lang='lat' dir='ltr'>sic</span> <span class='ocrx_word' id='word_1_185' title='bbox 1371 1875 1697 1928; x_wconf 88' lang='lat' dir='ltr'>obtundamus</span> 
     </span>
     <span class='ocr_line' id='line_1_24' title="bbox 115 1948 1760 2022; baseline 0.001 -24"><span class='ocrx_word' id='word_1_186' title='bbox 115 1963 282 2014; x_wconf 86' lang='lat' dir='ltr'>corpus</span> <span class='ocrx_word' id='word_1_187' title='bbox 307 1955 544 2007; x_wconf 87' lang='lat' dir='ltr'>nostrum;</span> <span class='ocrx_word' id='word_1_188' title='bbox 577 1952 643 2000; x_wconf 90' lang='lat' dir='ltr'>sic</span> <span class='ocrx_word' id='word_1_189' title='bbox 681 1952 944 2016; x_wconf 82' lang='lat' dir='ltr'>subigamus</span> <span class='ocrx_word' id='word_1_190' title='bbox 970 1951 1154 2016; x_wconf 66' lang='lat' dir='ltr'>inedia,</span> <span class='ocrx_word' id='word_1_191' title='bbox 1183 1951 1348 2020; x_wconf 83' lang='lat' dir='ltr'>vigiliis</span> <span class='ocrx_word' id='word_1_192' title='bbox 1371 1989 1388 2017; x_wconf 85' lang='lat'>‚</span> <span class='ocrx_word' id='word_1_193' title='bbox 1414 1960 1466 2004; x_wconf 85' lang='lat' dir='ltr'>ut</span> <span class='ocrx_word' id='word_1_194' title='bbox 1505 1948 1707 2003; x_wconf 71' lang='lat' dir='ltr'>victores</span> <span class='ocrx_word' id='word_1_195' title='bbox 1758 2018 1760 2022; x_wconf 12' lang='lat'><strong>¹</strong></span> 
     </span>
     <span class='ocr_line' id='line_1_25' title="bbox 117 2023 886 2089; baseline 0.007 -16"><span class='ocrx_word' id='word_1_196' title='bbox 117 2023 363 2089; x_wconf 86' lang='lat' dir='ltr'>aliquando</span> <span class='ocrx_word' id='word_1_197' title='bbox 382 2028 590 2076; x_wconf 90' lang='lat' dir='ltr'>coronari</span> <span class='ocrx_word' id='word_1_198' title='bbox 612 2044 886 2078; x_wconf 87' lang='lat' dir='ltr'>mereamur.</span> 
     </span>
    </p>

    <p class='ocr_par' dir='ltr' id='par_1_14' title="bbox 123 2096 1710 2232">
     <span class='ocr_line' id='line_1_26' title="bbox 194 2096 1710 2183; baseline 0.001 -32"><span class='ocrx_word' id='word_1_199' title='bbox 194 2096 334 2152; x_wconf 87' lang='lat' dir='ltr'>Victo</span> <span class='ocrx_word' id='word_1_200' title='bbox 361 2120 577 2170; x_wconf 87' lang='lat' dir='ltr'>corpore,</span> <span class='ocrx_word' id='word_1_201' title='bbox 602 2103 732 2157; x_wconf 70' lang='lat' dir='ltr'>facile</span> <span class='ocrx_word' id='word_1_202' title='bbox 767 2105 827 2156; x_wconf 92' lang='lat' dir='ltr'>de</span> <span class='ocrx_word' id='word_1_203' title='bbox 844 2174 845 2177; x_wconf 8' lang='grc' dir='ltr'><strong>Ἴ</strong></span> <span class='ocrx_word' id='word_1_204' title='bbox 865 2104 1044 2157; x_wconf 89' lang='lat' dir='ltr'>mundo</span> <span class='ocrx_word' id='word_1_205' title='bbox 1061 2142 1074 2169; x_wconf 93' lang='lat'>‚</span> <span class='ocrx_word' id='word_1_206' title='bbox 1101 2112 1147 2157; x_wconf 87' lang='lat' dir='ltr'>et</span> <span class='ocrx_word' id='word_1_207' title='bbox 1191 2105 1407 2158; x_wconf 87' lang='lat' dir='ltr'>daemone</span> <span class='ocrx_word' id='word_1_208' title='bbox 1442 2102 1710 2183; x_wconf 72' lang='lat' dir='ltr'>triumplia-</span> 
     </span>
     <span class='ocr_line' id='line_1_27' title="bbox 123 2177 295 2232; baseline 0.017 -4"><span class='ocrx_word' id='word_1_209' title='bbox 123 2177 295 2232; x_wconf 76' lang='lat' dir='ltr'>bimus·</span> 
     </span>
    </p>
   </div>
  </div>
 </body>
</html>
