1760 3210
370 86 619 125 πωπω-,κ
653 68 1610 145 nxp0s1-no.cop.V11.·159

11 165 163 220 “fidu
176 129 348 216 sufficet
369 162 524 232 quoad
544 161 725 214 thorum
747 159 962 212 divortio·
986 155 1107 213 Nec
1119 180 1236 214 uxor
1255 166 1283 213 a
1311 166 1473 215 marito
1501 165 1607 215 dis-

2 231 192 306 tmissat,
228 258 319 292 nec
354 241 542 290 maritus
578 256 773 289 uxorem
810 237 1022 291 dimittam
1061 236 1267 305 Intellige
1303 241 1542 293 clausiilam
1579 245 1610 296 ὲ

0 333 2 338 “
30 279 227 372 Christo
247 317 464 370 Domino
482 317 704 381 additam,
725 318 822 366 nisi
846 318 904 366 ob
920 314 1312 380 fornicationem.
1336 318 1456 385 ,Quae
1478 321 1608 372 clau·-

0 403 11 414 ”
37 398 134 450 sula
157 399 214 448 ad
233 405 473 464 utrumque
492 413 655 447 sexum
673 395 906 462 aequaliter
925 403 1114 460 spectat.
1136 394 1246 447 Hoc
1278 396 1470 451 Domini
1489 417 1611 468 prae·

38 489 261 547 ceptum
249 480 307 531 de
337 479 612 530 matrimonii
634 476 977 538 insolubilitate,
1013 495 1136 529 nunc
1165 479 1355 544 quidem
1391 485 1611 549 scriptum

37 566 111 614 est
129 538 295 625 Matth.
317 557 368 609 5.
380 556 464 608 32.
487 564 534 606 et
567 572 642 623 19.
667 573 719 623 93
751 552 898 605 Marci
925 572 1003 606 10.
1024 573 1084 623 93
1111 553 1249 606 Iucae
1276 554 1612 613 16.18.'lunc

0 681 2 684 .
37 643 192 686 autem
207 634 304 686 sola
325 635 589 697 traditione,
616 650 669 682 ac
690 631 911 683 memoria
937 633 1100 683 notum
1121 641 1232 685 erat.

34 723 38 742 ³
105 713 173 780 ἵ.
214 733 234 764 1
250 735 291 767 1.
333 715 474 781 Quod
492 717 539 763 si
557 715 834 765 discesserit.
852 752 863 764 .
880 751 893 766 .
915 714 1040 780 quod
1071 716 1110 765 si
1127 709 1130 711 ’
1147 715 1209 765 ob
1237 707 1611 781 fornicationem¹

37 801 116 844 aut
139 794 269 845 aliam
295 795 356 845 ob
382 811 560 845 causam
583 811 699 844 uxor
723 801 924 859 separata
949 792 1080 843 suerit
1111 796 1138 843 a
1158 796 1259 846 viro
1280 811 1382 857 sue,
1404 801 1480 844 aut
1514 812 1614 847 ma-

36 880 145 923 neat
179 873 366 934 coelebs,
399 882 472 923 ant
500 891 602 923 cum
635 876 734 924 viro
760 890 842 922 suo
867 868 1206 924 reconcilietur.

107 947 240 998 Idem
258 951 458 1015 intellige
477 950 537 1000 (le
555 951 688 1007 virm
712 951 832 1014 paria
855 954 1027 1000 etenim
1049 953 1262 1016 utrinque
1279 951 1393 1013 jura.
1407 947 1611 1017 Eligant,

37 1033 112 1076 aut
133 1025 230 1086 jure
251 1027 450 1090 conjugii
471 1044 567 1076 non
587 1028 668 1086 uti,
698 1034 773 1076 aut
795 1027 1087 1077 reconciliari.

108 1099 316 1154 Christus
353 1101 582 1154 Dominus
602 1102 700 1169 hic,
729 1106 842 1154 sicut
871 1105 992 1165 alibi,
1011 1103 1134 1173 fecit
1169 1114 1213 1154 et
1243 1105 1416 1156 docuit.
1439 1102 1611 1156 Eccle-

38 1178 155 1228 siam
179 1181 303 1229 enim
333 1196 548 1245 sponsam
577 1195 724 1241 suam,
757 1181 804 1228 in
833 1196 916 1227 suo
940 1183 1159 1244 sanguine
1180 1181 1334 1244 lotam,
1358 1183 1445 1230 sibi
1470 1199 1614 1246 copu-

38 1253 150 1308 lavit
177 1257 225 1306 in
255 1264 493 1308 aeternum.
523 1254 628 1307 Nec
650 1253 904 1306 Ecclesiam
931 1256 1112 1305 dimittit
1142 1254 1348 1307 Christus
1381 1274 1608 1323 unquam;

37 1349 129 1384 nec
154 1332 389 1385 Christum
413 1331 615 1384 Ecclesia
639 1334 834 1384 deseret.
861 1330 1062 1398 Hocque
1086 1331 1206 1384 facto
1241 1333 1382 1384 docet
1404 1342 1451 1384 et
1485 1350 1613 1399 prae-

25 1420 181 1478 aeepto
203 1416 464 1478 conjugatos
493 1412 791 1462 insolubiliter
817 1414 950 1460 uniri.

101 1490 473 1540 Sacramentum
489 1491 593 1551 hoc,
611 1492 909 1548 matrimonii,
938 1507 1159 1551 magnum
1174 1498 1260 1548 est,
1273 1492 1331 1539 ait
1347 1487 1615 1556 Apostolus:

43 1567 146 1630 Ego
163 1576 320 1618 autem
338 1569 441 1618 dico
466 1569 514 1615 in
542 1567 727 1616 Clu-isto
751 1577 795 1615 et
819 1572 866 1614 in
896 1567 1123 1616 Ecclesia.
1147 1564 1295 1617 Sacrae
1321 1564 1492 1618 Christi
1512 1587 1617 1620 cum

16 1642 252 1705 <Ecclesia
278 1649 459 1696 unionis
481 1646 729 1696 insolubilis
759 1645 1053 1694 honorarium
1076 1647 1254 1709 signum
1282 1653 1352 1695 est
1376 1649 1611 1711 matrimo-

34 1720 198 1792 .rxium;
224 1733 271 1775 et
292 1727 339 1774 in
358 1723 448 1774 hoc
466 1731 798 1774 sacramentum
819 1730 904 1771 est.

116 1799 348 1867 Coniuges
372 1805 504 1868 igitur
527 1801 606 1852 suci
629 1799 855 1869 insolubili
888 1802 1081 1861 unione,
1110 1816 1192 1849 suo
1227 1817 1382 1851 amore
1414 1805 1612 1865 sincero,

48 1887 98 1929 et
117 1879 446 1944 complacentia
473 1880 646 1941 mutua,
679 1879 800 1928 hane
821 1880 1052 1929 imitentur
1073 1886 1116 1927 et
1150 1877 1344 1929 fideliter
1366 1879 1617 1931 exhibeant

46 1953 222 2006 Christi
251 1959 474 2006 unionem
497 1973 599 2005 cum
626 1953 833 2006 Ecclesia
867 1973 1035 2020 sponsa
1070 1973 1165 2005 sua.
1201 1953 1405 2007 Caveant
1433 1975 1492 2007 ne
1525 1960 1617 2008 sint

48 2039 176 2103 signa
199 2037 453 2098 mendacia,
476 2036 643 2086 fallacia
663 2055 674 2095 ;
706 2044 750 2086 et
771 2053 831 2085 ne
857 2032 1026 2085 Christi
1045 2044 1088 2085 et
1116 2032 1333 2086 Ecclesiae
1348 2039 1619 2103 sintloppro·

0 2139 1 2176 1
48 2115 164 2165 bria.
186 2113 262 2166 De
283 2114 354 2165 his
375 2113 473 2166 fuse
492 2113 667 2180 Ephes.
690 2132 788 2180 cap.
811 2113 857 2164 5.
881 2117 927 2163 in
958 2113 1068 2163 fine.

0 2207 2 2233 =
82 2234 88 2238 .
121 2189 194 2255 fi.
217 2211 293 2241 12.
316 2192 446 2241 Nam
469 2191 645 2240 coeleris
665 2209 744 2253 ego
764 2191 888 2249 dico,
911 2207 1004 2238 non
1033 2188 1278 2237 Dominus.
1294 2223 1332 2238 ..
1350 2186 1452 2238 haee
1474 2189 1616 2243 verba

49 2270 181 2321 multi
201 2271 258 2321 ad
282 2271 586 2336 praecedentia
612 2273 659 2319 in
687 2266 753 2330 JV.
780 2269 828 2319 8.
853 2267 1069 2329 referunt,
1097 2266 1349 2338 voluntque
1369 2265 1494 2317 hunc
1515 2285 1617 2321 esse

51 2366 267 2401 sensum:
295 2353 542 2416 conjugatis
572 2350 772 2415 praecipit
800 2345 1048 2410 Dominus,
1074 2364 1169 2397 non
1207 2364 1313 2411 ego,
1335 2355 1430 2397 etc.

124 2423 316 2477 Caeteris
334 2435 508 2490 autem,
531 2428 698 2477 scilieet
725 2443 818 2475 non
840 2427 1018 2488 nuptis,
1042 2442 1128 2488 ego
1155 2423 1360 2486 consulo,
1387 2422 1620 2475 Dominus

52 2518 155 2553 non
181 2505 409 2568 praecipit,
443 2511 491 2553 ut
524 2505 704 2566 innupti
735 2507 1045 2567 permaneant.
1078 2496 1370 2548 Fromondus
1398 2502 1458 2548 ait
1492 2498 1618 2565 quod

42 2577 324 2632 Catharinus
347 2583 516 2648 primus
538 2580 639 2630 haec
658 2579 800 2629 verba
820 2581 883 2627 sic
906 2576 1128 2627 intellexit
1153 2584 1310 2637 contra
1334 2591 1497 2625 omnes
1520 2593 1615 2625 ve·-

52 2665 190 2708 teres.
349 2720 351 2722 η

125 2730 230 2787 Sed
248 2739 352 2791 cilm
376 2737 487 2788 nihil
511 2735 674 2787 adhoc
697 2743 844 2802 cogat,
874 2740 986 2799 puto
1007 2730 1269 2793 naturalius,
1292 2732 1329 2780 si
1352 2728 1409 2778 ad
1432 2744 1625 2795 sequen·

53 2814 116 2866 tia
133 2811 403 2865 reserantur:
427 2816 486 2865 ita
506 2823 555 2865 ut
576 2832 661 2880 per
682 2824 868 2865 caeteros
887 2814 1189 2879 intelligantur
1209 2809 1442 2873 conjugati
1463 2806 1622 2873 dispa-

55 2895 180 2962 paris
223 2890 350 2942 fidei.
384 2887 452 2942 Ita
489 2891 711 2943 intellexit
763 2888 827 2942 D.
861 2885 986 2956 Aug.
1029 2889 1148 2959 apud
1179 2882 1515 2962 Fromondum.
1548 2880 1616 2938 Ita
