1760 3210
140 98 261 172 '395
493 113 678 153 pamm
713 118 974 158 tursrom
995 121 1068 159 Ao
1089 121 1401 163 conmrmos

225 187 281 244 ψ.
306 208 388 241 20.
408 188 551 239 Nunc
570 199 760 243 autem..
766 190 877 245 ‚Ex
899 202 965 245 tot
988 194 1233 247 horrendis
1249 197 1457 251 absurdis
1468 203 1603 268 supr-’1
1617 219 1731 256 me·-

157 270 377 330 moratis‚
404 269 520 319 sicut
551 271 687 319 etiam
721 287 782 322 ex
808 269 1150 338 Prophetarum
1183 282 1228 325 et
1251 271 1584 343 Apostolorum
1601 278 1732 333 testi-

158 346 328 396 moniis
349 348 554 413 superius
575 347 724 398 relatis
746 352 772 398 ὲ
802 341 858 401 Ῠ.
878 351 928 412 4.
950 349 1213 418 hucusque;

233 417 486 475 Concludit
498 421 750 493 Apostolus
770 429 1067 479 certissimam
1087 445 1189 481 esse
1211 429 1384 483 debere
1404 413 1576 501 Christi
1592 442 1734 487 resur·

160 505 448 554 rectionem
433 523 459 554 a
483 510 694 557 mortuis.

230 577 371 631 Hanc
405 591 557 633 autem
601 585 902 634 certissimam
946 583 1288 635 conclusionem
1343 589 1495 639 statim
1549 591 1737 641 assumit

158 663 374 725 tanquam
398 663 673 726 principium
687 696 701 723 ‚
731 677 823 726 quo
844 668 1044 710 nostram
1063 662 1227 729 probet
1245 666 1271 711 ὲ
1298 667 1488 715 mortuis
1505 683 1737 717 resurrec⁴

158 738 337 786 tionem
358 735 571 788 suturam.
624 744 626 747 '

228 810 388 879 Itaque
424 831 484 864 ex
510 815 848 864 resurrectione
877 810 1048 864 Christi
1074 814 1310 883 hucusque
1343 817 1537 882 probata
1555 855 1571 881 ‚
1606 823 1656 868 et
1687 825 1740 870 ut

158 892 410 942 certissima
427 908 551 941 nunc
565 897 815 955 assumpta,
836 892 997 957 probat
1010 891 1133 957 quod
1141 900 1300 954 etnos‚
1317 889 1489 944 Christi
1507 894 1739 984 membra,

158 986 472 1035 resurgemus
1623 988 1626 991 ·

224 1043 289 1096 Et
311 1044 402 1095 hoc
423 1045 612 1108 medi0‚
637 1062 718 1095 seu
740 1056 1010 1112 argumento
1026 1050 1166 1100 utitur
1185 1052 1212 1099 ὲ
1229 1042 1288 1103 fi.
1306 1068 1387 1101 20.
1406 1049 1463 1100 ad
1484 1048 1541 1107 5.
1560 1049 1641 1113 24.
1656 1051 1739 1102 ubi

156 1126 281 1174 viam
306 1126 393 1174 sibi
431 1126 592 1174 sternit
624 1123 683 1173 ad
711 1124 832 1175 aliud
862 1126 1098 1190 medium,
1136 1128 1339 1192 scilicet,
1369 1129 1427 1179 ad
1465 1131 1739 1196 promissam

158 1203 369 1269 Christe,
390 1210 416 1257 ὲ
453 1203 591 1256 Patre
612 1214 810 1269 aeterno,
836 1207 1086 1274 perfectam
1113 1209 1314 1260 hostium
1346 1227 1534 1260 suorum
1554 1211 1739 1274 subjec-

155 1287 333 1336 tionem
351 1321 366 1346 ‚
397 1303 458 1338 ex
483 1302 570 1353 qua
594 1287 930 1352 promissione,
956 1304 1038 1336 seu
1064 1289 1244 1351 potius,
1272 1304 1332 1336 ex
1367 1288 1495 1348 cujus
1529 1289 1739 1354 promis·-

153 1365 298 1417 sionis
324 1366 603 1414 executione
624 1361 761 1412 infert
777 1362 1030 1429 Apostolus
1049 1371 1250 1414 mortem
1274 1363 1603 1416 destruendam
1619 1381 1741 1465 ‚pet

155 1451 357 1496 nostram
372 1442 545 1493 scilicet
573 1443 981 1493 resurrectionem.

570 1588 644 1624 No
648 1587 715 1623 TA
755 1586 824 1622 ΑΒ
858 1586 1326 1624 INTELLIGENTIAM

224 1689 384 1763 ltaque
399 1695 458 1746 ad
474 1695 819 1761 intelligentiam
839 1693 1221 1762 subsequentium
1234 1710 1469 1757 versuum,
1475 1691 1566 1744 ubi
1583 1710 1738 1766 rerum

155 1777 288 1841 copia
311 1783 366 1824 et
377 1775 626 1840 permixtio
658 1773 902 1851 quamdam
931 1775 1044 1839 parit
1074 1773 1429 1823 obscuritatem.

225 1846 437 1902 Adverte
474 1848 565 1898 duo
602 1851 857 1914 praesertim
900 1848 1076 1912 media,
1110 1865 1190 1898 seu
1235 1853 1528 1914 argumenta,
1573 1845 1742 1922 quihus

155 1928 413 1998 Apostolus
453 1948 584 1981 suum
612 1931 775 1995 probat
807 1933 1063 2022 intentum,
1101 1937 1302 1980 nostram
1340 1931 1558 1980 nimirum
1583 1945 1740 2014 resur-

162 2010 420 2060 rectionem
444 2006 654 2057 suturam.

226 2085 436 2139 Primum
452 2088 658 2138 medium
675 2123 687 2148 ‚
708 2103 800 2152 quo
816 2084 925 2136 hic*
913 2087 1076 2151 incipit
1091 2087 1181 2147 uti,
1199 2092 1274 2136 est
1284 2085 1534 2135 certissima
1549 2052 1738 2146 Christi,

167 2173 217 2218 ut
241 2169 540 2244 primitiarum
563 2165 921 2225 dormientium,
948 2166 1235 2215 resurrectioss

231 2250 471 2308 Christus,
491 2249 720 2313 primitiae
747 2247 1106 2309 dormientium,
1134 2245 1423 2295 resurr-exat:
1447 2260 1558 2310 ergo
1582 2251 1628 2294 et
1646 2259 1742 2323 nos

161 2335 208 2380 et
237 2330 391 2378 caeteri
409 2327 693 2378 dormientes
717 2342 1019 2391 resurgemus.

228 2404 493 2458 Secundum
524 2405 754 2465 medium,
791 2422 883 2471 quo
920 2396 983 2456 Ῡ.
1020 2403 1101 2466 24.
1123 2405 1283 2468 incipit
1309 2406 1407 2464 uti,
1449 2409 1519 2453 est
1542 2399 1743 2472 perfecta

157 2501 313 2541 rerum
339 2489 546 2538 omnium
567 2483 1096 2552 inimicarum-subjectio
1121 2484 1316 2551 imperio
1342 2478 1536 2544 Christi,
1560 2495 1624 2533 ex
1653 2497 1744 2548 qua

160 2565 448 2629 subjectione
472 2562 607 2613 infert
631 2564 794 2613 mortis
817 2560 1178 2612 destructionem
1216 2566 1264 2609 et
1282 2554 1484 2608 nostram
1507 2555 1743 2607 resurrec-

158 2645 358 2695 tionem.

233 2717 382 2772 Juxta
400 2718 554 2772 Patris
577 2721 735 2772 aeterni
758 2720 1109 2787 promissionem
1123 2713 1243 2768 Filio
1265 2733 1348 2767 suo
1366 2713 1557 2777 factam,
1579 2729 1748 2764 omnes

159 2795 332 2849 Christi
355 2797 544 2859 hosteS‚
579 2793 765 2858 Christo
799 2795 1004 2860 perfecte
1029 2793 1317 2844 subdentur:
1344 2810 1467 2858 ergo
1475 2781 1630 2855 mors,
1651 2807 1746 2840 una

158 2880 186 2926 e
211 2873 383 2926 Christi
409 2873 620 2924 hostibus
635 2911 648 2936 ‚
679 2862 922 2939 aliquando
944 2871 1163 2923 subdetur
1185 2888 1267 2939 per
1287 2870 1356 2921 sui
1384 2870 1749 2921 destructionem

159 2960 204 3004 et
227 2969 311 3019 per
330 2960 535 3002 nostram
560 2953 973 3008 resurrectionem;
1001 2967 1110 3016 ergo
1131 2958 1178 3001 et
1199 2967 1284 3000 nos
1302 2951 1605 3015 resurgemus,
1710 2942 1712 2945 ’
