1760 3210
0 0 100 119 'lagi-a*
128 87 132 91 .
404 59 943 100 anpoexvvnxrosrno.
982 47 1098 114 Cap.
1131 43 1274 101 XII..
1526 47 1624 101 311

579 200 736 239 NOTAE
770 200 1099 238 musanus.

4 319 43 378 233⁴.
127 326 252 382 Nota
272 331 319 380 in
332 331 639 394 superioribus
677 328 883 377 versibus
917 334 1058 377 totam
1091 330 1422 379 sanctissimam
1457 324 1625 378 Trini-

58 412 202 458 tatem
228 409 515 457 insinuatam.
559 399 617 457 Ῠ.
657 406 707 467 4.
754 403 973 468 Spiritum
1013 413 1236 456 sanctum.
1260 403 1330 470 Jff.
1368 406 1417 456 5-
1456 401 1624 454 Jesum

16 531 25 539 ,
63 476 317 531 Christum.
335 477 389 538 fi.
410 479 458 528 6.
482 476 664 528 Patrem
690 487 930 528 aeternum.
990 485 1001 495 '

131 558 272 623 Quod
293 562 331 608 si
355 560 500 624 primo
518 557 619 606 loco
645 554 836 622 Spiritus
867 565 1047 606 sanctus
1069 560 1328 606 nominatus
1348 566 1436 617 est,
1470 565 1516 607 et
1542 554 1619 605 ul-

55 638 171 686 timo
193 633 328 684 Pater
347 644 571 691 aeternus;
600 632 689 682 hoc
708 632 871 682 indicat
893 635 1008 682 inter
1027 633 1204 681 divinas
1228 649 1443 697 personas
1461 633 1618 695 digni-

2 719 30 763 >3
54 713 156 761 tatis
176 710 386 762 ordinem
407 729 499 761 non
518 728 620 761 esse
635 748 646 769 ,
671 711 754 760 sed
781 709 1024 775 perfectam
1046 710 1358 775 aequalitatem.

9 783 25 799 ‘²
123 787 248 841 Nota
281 800 326 841 et.
349 791 472 856 quod
494 789 732 855 spiritualia
765 790 884 839 dona
908 792 1148 855 unicuique
1176 803 1390 851 personae
1419 787 1505 837 sub
1535 785 1617 836 di-

54 883 185 918 versa
206 870 379 917 ratione
398 869 713 917 attribuuntur.

121 943 306 1010 Spiritui
348 955 504 995 sancto
521 982 535 1007 ‚
568 948 643 1010 qui
668 946 846 994 bonitas
887 953 933 993 et
972 961 1100 993 amor
1128 951 1225 1005 est,
1268 945 1521 993 tribuuntur
1563 946 1617 991 ut

49 1027 226 1090 gratiae,
253 1042 334 1074 seu
355 1034 403 1074 ut
427 1028 612 1089 gratuita
630 1062 644 1086 ‚
667 1029 769 1089 quia
790 1043 848 1074 ex
866 1027 1052 1087 gratuita
1078 1022 1169 1074 Dei
1188 1025 1391 1074 bonitate
1411 1029 1613 1073 manant.

120 1094 238 1167 Jesu
266 1097 475 1155 Christo,
502 1098 620 1149 Filio
656 1099 771 1160 Dei,
811 1097 1035 1150 Ecclesiae
1077 1099 1282 1151 Domino
1306 1139 1319 1164 ‚
1358 1118 1491 1165 quam
1528 1115 1611 1149 suo

12 1190 18 1191 ’
49 1175 269 1240 sanguine
293 1179 530 1242 acquisivit
553 1185 597 1226 et
621 1177 706 1224 sibi
731 1177 973 1241 gloriosam
990 1177 1198 1228 exhibuit
1215 1217 1229 1242 ‚
1253 1179 1552 1229 attribuuntur
1566 1185 1618 1227 ut

49 1256 313 1306 ministeria.

119 1323 254 1380 Tum
279 1332 379 1397 quia
402 1332 541 1395 ipsius
576 1339 670 1389 est,
701 1339 747 1379 ut
772 1327 996 1392 Domini,
1030 1334 1280 1381 ministeria
1313 1332 1608 1391 distribuere;

47 1413 144 1456 tum
167 1411 270 1472 quia
294 1410 404 1472 ipsi,
433 1416 478 1457 et
503 1409 587 1457 sub
607 1411 705 1473 ipso
724 1410 939 1457 ministrat
962 1412 1111 1458 omnis
1136 1409 1461 1459 ecclesiasticus
1480 1409 1610 1460 ordo·

120 1481 247 1534 Patri
269 1486 604 1546 omnipotenti,
633 1486 858 1550 totiusque
895 1487 1116 1549 potentiae
1147 1484 1285 1545 sonti,
1311 1487 1611 1536 attribuuntur

39 1569 98 1610 ut
123 1564 429 1626 operatione5‚
473 1579 552 1612 seu
588 1561 822 1621 efficaciae‚
850 1564 953 1626 quia
990 1563 1047 1610 ab
1088 1564 1187 1627 ipso
1211 1565 1361 1612 omnis
1397 1564 1536 1613 virtus
1564 1572 1610 1616 et

43 1641 264 1702 operatio.

449 1797 860 1837 OBSERVATJO
892 1798 1202 1833 MORALIS.

117 1919 246 1970 Hinc
268 1922 417 1986 itaque
457 1919 598 1969 discat
643 1924 790 1969 omnis
838 1917 1059 1970 Ecclesiae
1100 1923 1324 1985 minister,
1367 1924 1604 1986 quomodo

46 2003 346 2064 semetipsum
365 2003 410 2048 in
436 2017 518 2048 suo
540 2001 788 2049 ministerio
813 1999 977 2049 debeat
997 2003 1175 2050 intueri.

116 2075 464 2145 Omnipotentis
486 2075 579 2126 Dei
598 2080 947 2127 instrumentum
971 2086 1067 2139 est,
1098 2081 1144 2127 in
1170 2077 1397 2144 operanda
1419 2081 1602 2129 anima-

42 2170 144 2205 rum
167 2152 322 2204 salute.

111 2230 225 2282 Jesu
248 2225 444 2291 Christi,
477 2223 700 2299 Ecclesiae
724 2235 936 2297 principis
958 2241 1003 2283 et
1027 2231 1219 2283 Domini
1246 2236 1453 2285 minister
1493 2247 1561 2288 est
1584 2276 1600 2301 ,

41 2309 89 2361 in
111 2308 386 2374 perficienda
408 2307 644 2358 hominum
664 2309 998 2375 redemptione.

107 2384 302 2452 Spiritus
342 2390 480 2436 sancti
498 2425 513 2449 ‚
562 2391 798 2452 gratiarum
831 2387 984 2447 fontis,
1015 2388 1176 2438 canalis
1215 2398 1306 2453 est,
1346 2407 1427 2456 per
1461 2408 1602 2457 quem

39 2462 232 2514 charitas
251 2463 516 2514 diffunditur
538 2467 585 2513 in
611 2464 811 2514 fidelium
831 2465 1059 2514 cordibus,
1576 2461 1580 2466 ’

109 2536 270 2607 Igitur,
285 2551 339 2601 ¹ut
362 2545 711 2593 instrumentum
733 2546 1077 2607 omnipotentiae
1103 2543 1271 2592 divinae
1288 2579 1300 2603 ,
1341 2546 1521 2609 penitus
1557 2548 1604 2596 ei

14 2616 18 2622 Χ
43 2622 278 2684 subjaceat
297 2659 310 2682 ‚
340 2632 383 2683 et
413 2630 567 2673 omnia
592 2626 716 2687 juxta
741 2621 831 2674 Dei
868 2622 1201 2689 beneplacitum
1218 2660 1232 2686 ,
1261 2626 1603 2690 inspirationem

42 2708 89 2752 et
107 2709 283 2750 motum
307 2695 533 2767 operetur.
1564 2720 1567 2724 ·

71 2792 78 2797 “
109 2777 176 2830 Ut
209 2782 416 2830 minister
444 2778 772 2846 Redemptoris
809 2781 1082 2842 animarum,
1129 2797 1232 2829 cum
1270 2779 1368 2831 zelo
1390 2781 1597 2848 laboret,

33 2855 216 2922 vigilet,
245 2855 424 2907 insudet
441 2858 489 2908 in
510 2856 734 2908 salvandis
751 2853 1012 2906 hominibus
1031 2855 1118 2905 sibi
1145 2854 1326 2906 commi
1355 2858 1435 2913 sis,
