1760 3210
65 0 90 48 '-
208 14 210 16 ’
406 11 635 60 Ἥυριεὶί
664 19 943 59 Exposrrro.
982 2 1282 86 Cop.Xqu
1515 12 1619 75 433

379 268 606 340 CAPUT
639 285 951 341 nummum
987 285 1281 341 SEXTUM.

680 458 1009 522 Pamphrasis.

79 593 294 723 Quor)
320 651 497 715 ‘spectat
520 651 576 700 ad
599 650 907 701 collectionem
937 653 1222 715 pecuniarum
1245 671 1326 717 pro
1353 657 1621 725 eleemosy-

73 731 144 779 nis
165 745 263 795 quae
285 728 399 778 fiunt
420 729 809 793 prosublevandis·
826 731 1094 794 pauperibus
1117 729 1387 793 christianis,
1410 734 1620 785 habitan-

73 804 194 853 tibus
219 801 252 852 J
257 802 501 862 erusalem3
528 803 651 853 idem
683 819 768 855 vos
788 803 919 854 facite
955 805 1077 870 quod
1104 802 1323 857 Ecclesiae
1345 804 1530 860 Galatiae
1551 810 1617 860 fa-

77 877 288 927 ciendum
326 879 540 942 praecepi.

142 949 233 1000 Die
247 949 491 1014 dominica,
512 955 816 1020 unusquisque
826 950 1027 1004 vestrum
1044 957 1160 1020 apud
1175 974 1224 1006 se
1238 967 1453 1023 reponat,
1472 977 1524 1009 ac
1536 952 1620 1011 're-

75 1027 244 1079 condat
263 1029 384 1092 quod
393 1030 565 1078 eibene
581 1032 728 1078 visum
748 1028 878 1079 fuerit
895 1038 971 1088 :et
989 1031 1079 1080 hoc
1098 1048 1286 1094 moneo,
1307 1036 1417 1082 utin
1435 1051 1620 1099 promp-

73 1113 122 1153 tu
141 1105 197 1152 sit
222 1105 434 1167 pecunia,
465 1113 508 1153 et
531 1121 625 1154 non
645 1108 747 1154 cum
765 1121 957 1168 venero,
982 1114 1088 1156 tunc
1110 1107 1385 1171 colligenda:

141 1208 260 1262 Cum
297 1219 448 1260 autem
467 1211 524 1259 ad
543 1228 628 1261 vos
648 1228 848 1273 venere,
871 1228 1178 1278 quoscumque
1205 1229 1264 1262 ex
1300 1215 1433 1264 vobis
1460 1216 1620 1279 elege-

25 1316 28 1317 ν
68 1286 193 1344 ritis,
242 1299 327 1348 ego
356 1283 442 1332 hos
481 1300 584 1333 cum
622 1287 738 1333 meis
759 1285 912 1334 litteris
943 1288 1121 1335 mittam
1155 1282 1522 1350 Jerosolymam‚
1571 1298 1618 1338 ut

72 1369 268 1412 vestram
300 1358 528 1426 perferant
563 1360 928 1409 beneficentiam.

82 1465 283 1531 Quod
303 1469 339 1516 si
364 1480 515 1531 operae
537 1467 730 1530 pretium
753 1464 885 1514 suerit
906 1472 953 1513 ut
980 1479 1065 1528 ego
1100 1463 1201 1513 illuc
1223 1466 1384 1515 vadam
1402 1502 1418 1529 ‚
1436 1484 1616 1518 mecum

71 1548 219 1597 ibunt.

142 1633 223 1686 Ad
253 1651 338 1684 vos
374 1641 525 1683 autem
560 1635 759 1694 veniam,
798 1635 902 1681 cum
936 1633 1234 1695 pertransiero
1270 1630 1614 1685 Macedoniam:

70 1713 296 1778 siquidem
317 1709 637 1761 Macedoniam
660 1712 807 1759 obiter
844 1709 1140 1774 pertransibo.

85 1867 87 1871 ¹
137 1807 280 1875 Apud
312 1825 396 1858 vos
419 1814 570 1856 autem
605 1805 753 1855 forsan
774 1806 1058 1870 permanebo
1075 1838 1090 1864 ‚
1115 1805 1222 1868 quin
1245 1807 1379 1855 etiam
1419 1806 1613 1856 fortassis

69 1887 324 1953 hyemabn,
359 1893 408 1935 ut
436 1893 538 1949 post
559 1884 793 1948 hyemem,
837 1898 921 1932 vos
947 1899 1022 1931 me
1063 1880 1293 1930 deducatis
1330 1888 1612 1946 quocumque

70 1964 341 2030 proficiscar.

139 2037 263 2089 Nolo
283 2054 405 2089 nunc
425 2039 572 2086 obiter
587 2043 634 2085 et
663 2037 782 2084 viam
803 2036 1061 2083 transiturus
1101 2049 1187 2081 vos
1211 2034 1434 2090 invisere3
1478 2050 1609 2097 spero

73 2115 243 2166 etenim
265 2130 340 2163 me
363 2110 681 2178 aliquantulum
700 2118 877 2174 tempus
902 2108 1020 2172 apud
1043 2124 1128 2159 vos
1149 2116 1550 2171 commoraturum,
1573 2115 1609 2160 si

70 2192 296 2244 Dominus
319 2191 367 2241 id
388 2192 656 2256 permiserit.

138 2407 326 2459 Interim
348 2404 525 2472 Ephesi
548 2408 865 2456 commorabor
897 2420 1038 2470 usque
1061 2405 1118 2454 ad
1134 2376 1457 2456 Pentecosten.

142 2519 378 2588 Siquidem
412 2537 517 2588 spes
547 2538 708 2586 magna
732 2529 777 2570 et
797 2520 986 2571 evidens
1011 2517 1191 2583 affulget
1226 2517 1394 2568 fructus
1427 2520 1575 2569 uberis
1593 2559 1605 2583 ‚

70 2599 158 2651 sed
181 2616 278 2650 non
299 2601 399 2650 sine
420 2599 622 2664 negotiO,
648 2601 750 2664 quia
770 2598 1008 2649 adversarii
1028 2596 1171 2657 multi,
1189 2599 1264 2661 qui
1288 2600 1533 2647 conantur
1521 2615 1609 2648 rm-

75 2676 249 2741 pedire.

145 2767 285 2833 Quod
303 2773 341 2820 si
359 2775 535 2823 venerit
557 2772 614 2822 ad
632 2787 717 2823 vos
735 2768 1024 2831 TimotheuS,
1048 2767 1200 2818 videte
1216 2782 1275 2818 ne
1295 2765 1403 2832 quid
1422 2766 1481 2817 illi
1501 2785 1611 2818 con-

321 2852 370 2888 11.
1321 2851 1380 2900 19
