1760 3210
385 105 602 144 Tnmnx
655 105 939 142 EXPOSt'rlo.
977 89 1096 154 Cap.
1134 84 1261 136 VH.
1521 74 1625 141 173

51 177 164 235 daim
186 181 454 242 consilium,
471 180 595 246 quod
610 180 719 231 dedi
742 198 894 246 supra,
918 188 964 229 et
982 180 1043 229 ob
1064 176 1247 227 easdem
1267 172 1481 222 rationes,
1499 162 1558 226 ἰ.
1576 165 1617 220 8

53 255 140 307 31.
167 257 251 320 34.
1562 287 1569 292 -

125 334 251 386 Puto
267 347 424 386 autem
446 337 571 404 quod
599 345 647 386 et
688 356 770 400 ego
785 336 1010 401 Spiritum
1034 333 1126 383 Dei
1161 331 1415 380 habeam..
1435 321 1631 389 Magnae

56 411 245 479 quidem
279 411 544 462 humilitatis
582 420 688 461 sunt
722 412 825 462 haec
860 413 1031 470 verba,
1060 409 1168 458 dum
1209 407 1347 464 dicit,
1379 398 1635 469 putozsed

55 505 235 554 magnae
256 492 394 539 etiam
412 496 516 538 sunt
541 492 843 552 auctoritatis,
875 490 985 538 dum
1008 488 1146 537 dicit:
1175 485 1400 547 Spiritum
1429 481 1504 529 De
1531 479 1627 528 Ῑια-

56 567 242 616 beam...
259 566 351 616 hoc
384 568 508 616 enim
529 565 724 617 affirmat
752 567 991 619 consilium
1015 559 1151 616 Pauli
1176 579 1259 629 pro
1283 559 1374 611 Dei
1398 559 1631 609 sententia

53 645 442 712 amplectendum.

56 749 364 801 Corollarium
413 754 603 818 pietatis
619 791 636 814 ,
686 774 766 805 seu
808 757 857 805 in
905 756 993 804 hoc
1022 754 1185 819 Capite
1230 769 1276 815 7.
1301 749 1370 797 ad
1404 749 1633 812 pietatem

263 831 473 879 maxIme'
505 833 714 882 notanda
733 868 750 893 ,
775 842 820 882 et
843 834 911 882 ad
930 834 1124 898 praxim
1155 827 1420 893 redigenda.

59 902 189 1011 Ex
211 955 269 1014 Ῠ.
294 984 336 1013 1.
367 964 397 1012 5
416 974 462 1015 et
489 964 536 1016 6.
556 976 678 1032 patet
710 986 842 1018 usum
872 970 1068 1032 conjugii
1093 968 1149 1016 ab
1176 962 1408 1030 Apostolo
1433 960 1636 1014 concedi

54 1038 308 1089 secundum
331 1042 687 1106 indulgentiam,
726 1056 910 1113 propter
946 1048 1324 1096 incontinentiam
1343 1083 1357 1108 ‚
1388 1053 1432 1094 et
1453 1044 1517 1092 ob
1545 1043 1635 1091 vi-

54 1116 215 1167 tandas
238 1121 535 1186 impuritates,

125 1195 331 1249 Caveant
364 1203 516 1266 itaque
542 1204 803 1268 conjugati,
831 1219 890 1252 ne
915 1204 1122 1252 remedio
1139 1240 1151 1262 ,
1177 1202 1428 1251 secundum
1461 1199 1636 1248 indul·-

54 1277 257 1341 gentiam
273 1315 288 1339 ‚
316 1285 363 1327 et
385 1279 447 1327 ob
484 1278 795 1330 infirmitatem
831 1296 1052 1329 concesso
1069 1318 1083 1343 ,
1120 1281 1360 1329 abutantur
1383 1276 1441 1326 ad
1462 1276 1636 1341 volup-

55 1361 195 1405 tatem
208 1391 221 1415 ‚
253 1363 297 1406 et
315 1356 373 1406 ad
392 1359 539 1422 ipsam
560 1359 958 1408 incontinentiam.

125 1431 408 1486 Remedium
432 1446 500 1488 est
529 1453 540 1483 ε
569 1438 644 1489 illo
663 1440 797 1503 igitur
818 1446 1015 1497 utantur,
1042 1445 1092 1487 ut
1125 1437 1341 1487 remediis
1362 1437 1427 1485 uti
1447 1433 1632 1491 solent;

58 1513 107 1563 in
128 1519 397 1568 necessitate
414 1553 428 1580 ,
458 1535 553 1568 non
580 1521 680 1568 sine
700 1518 895 1585 quadam
919 1521 1218 1584 repugnantia
1237 1554 1250 1576 ,
1287 1534 1390 1566 cnm
1431 1517 1640 1564 circum-

56 1595 296 1657 spectione
318 1604 364 1646 et
383 1599 691 1661 praecautione
712 1595 849 1646 multa
865 1632 878 1654 ‚
906 1595 1139 1644 moderate
1154 1634 1166 1655 ,
1185 1595 1243 1644 ad
1264 1596 1527 1644 sanitatem.
1700 1593 1705 1595 ’

127 1666 206 1718 Sic
244 1672 435 1720 intentio
469 1690 576 1736 pura
599 1708 614 1734 ‚
650 1673 814 1722 modus
840 1667 1089 1734 honestus,
1113 1690 1218 1721 usus
1238 1671 1516 1721 moderatus.
1544 1666 1635 1717 De

55 1743 130 1795 his
146 1746 256 1796 vide
278 1745 416 1798 fusius
438 1746 615 1814 Ephes.
641 1749 691 1799 5.
714 1752 760 1799 in
786 1750 895 1798 fine.

125 1818 204 1882 Ex
229 1817 286 1878 3⁵.
310 1825 356 1876 5.
371 1830 594 1892 conjugati
614 1829 790 1878 discant
814 1826 1107 1892 apostolicam
1129 1829 1320 1893 praxim,
1342 1834 1388 1876 et
1412 1826 1470 1883 ad
1488 1843 1632 1893 quam

57 1917 140 1951 eos
157 1902 320 1953 invitat
340 1901 561 1954 Ecclesia.

127 1975 410 2032 Contineant
426 1981 589 2031 diebus
608 1979 714 2031 Deo
733 1981 987 2046 specialiter
1010 1985 1147 2031 sacris
1166 2021 1180 2044 ‚
1200 1985 1419 2044 orationi,
1438 1983 1636 2045 jejunio,

55 2059 370 2122 poenitentiae,
411 2074 552 2107 sacrae
575 2060 887 2108 communioni
909 2090 924 2118 ,
951 2065 996 2107 et
1017 2060 1336 2124 mysteriorum
1371 2060 1630 2125 participa-

55 2137 170 2186 tioni
198 2136 450 2188 destinatis.
1283 2201 1286 2206 ,

123 2212 187 2267 Et
213 2208 270 2268 Ϊ.
300 2237 378 2268 10.
419 2218 595 2268 discant
639 2219 897 2283 conjugati,
936 2217 1189 2267 secundum
1221 2214 1392 2267 Christi
1429 2214 1635 2268 Domini

0 2330 1 2335 ,
54 2302 341 2359 praeceptum
366 2302 411 2344 et
429 2293 694 2358 exemplum
711 2331 724 2356 ‚
748 2293 1058 2344 indissolubile
1086 2311 1187 2343 esse
1209 2296 1488 2359 conjugium.

125 2367 334 2422 Caveant
372 2377 523 2439 itaque
563 2374 626 2423 ab
656 2375 784 2423 omni
824 2372 1259 2422 divortio:caveant
1296 2390 1357 2422 ne
1385 2375 1474 2422 sint
1498 2374 1634 2436 signa

52 2446 252 2510 fallacia,
280 2457 326 2499 et
348 2450 455 2500 ideo
481 2448 652 2500 Christi
686 2459 731 2501 et
754 2447 978 2501 Ecclesiae
1009 2453 1323 2517 opprobrium.
1342 2449 1462 2502 Vide
1489 2454 1629 2516 epist.

53 2511 118 2580 ad
137 2527 313 2597 Ephes.
334 2549 433 2598 cap.
458 2532 507 2583 5.
531 2534 577 2581 in
601 2533 709 2583 tine.
1300 2565 1303 2567 -

126 2601 350 2656 Attendat
372 2609 523 2658 omnis
545 2605 826 2659 Christianus
846 2610 904 2659 ad
931 2600 988 2662 fi.
1021 2630 1101 2678 29.
1130 2618 1172 2660 et
1195 2612 1233 2659 si
1255 2611 1321 2659 ibi
1348 2609 1469 2660 dicta
1499 2610 1630 2660 bene

55 2686 388 2748 penetraverit,
414 2687 568 2734 omnia
589 2688 844 2735 transitoria
871 2685 999 2736 facile
1025 2693 1307 2736 contemnet.

125 2752 381 2809 Attendant
413 2769 624 2825 parentes
653 2761 712 2810 ad
734 2761 855 2811 dicta
878 2757 945 2822 Y.
971 2760 1053 2812 36.
1092 2765 1207 2812 circa
1231 2762 1420 2811 siliarum
1440 2778 1631 2811 suarum

54 2832 430 2898 collocationem,
460 2846 505 2888 et
538 2838 596 2887 ad
619 2837 740 2889 dicta
767 2838 838 2904 y.
863 2838 946 2907 37.
971 2842 1087 2890 circa
1120 2859 1275 2892 earum
1312 2843 1629 2892 consecratio-

53 2926 196 2972 nem;
216 2921 264 2961 ut
284 2913 388 2964 haec
408 2916 658 2965 observent
679 2919 727 2968 in
752 2927 959 2985 utraque.
