1760 3210
485 78 712 119 τυπεὶς
742 76 1058 119 expostum
1071 61 1192 133 Can.
1209 62 1334 115 ΙΧ.
1541 81 1636 137 ¹91

59 151 451 225 imfivangelium
477 151 751 225 praedicem3
783 153 822 200 si
855 152 905 201 in
929 147 1187 219 Evangelio
1219 150 1533 221 praedicanda
1541 168 1640 204 non

0 225 29 272 's
59 241 162 287 utar
187 240 434 300 protestate
454 228 584 295 mea,
597 227 768 283 scilicet
793 226 1009 294 exigendi
1032 230 1305 287 necessaria.

135 381 262 436 Nam
293 386 397 435 cum
418 383 476 433 ab
504 381 718 431 omnibus
748 395 900 428 essem
933 363 1066 439 liber,
1098 383 1147 428 et
1185 380 1280 428 mei
1315 379 1442 442 juris,
1474 384 1640 446 sponte

67 465 277 527 omnium
300 479 377 513 me
404 476 591 513 servum
609 457 719 522 feci,
739 464 788 507 ut
815 461 872 509 eo
896 456 1047 523 plures
1074 456 1396 510 lucrifacerem.

83 617 85 620 ·
119 592 254 650 Ἴὶθέιιιπι
277 595 459 649 Judaeis·
480 596 720 663 religione*
745 608 825 646 seu
847 595 1201 660 judaizantibus,
1234 588 1376 646 iactus
1400 610 1503 645 sum
1527 598 1642 646 'tam‘

66 675 479 744 quamtjudaizanffi
509 682 556 725 ut
575 673 857 739 judaizantes
892 669 1079 723 Christo
1101 671 1319 722 lucrarer.

134 829 219 894 Iis,
253 836 329 899 qui
363 832 571 897 sublege
602 834 802 883 mosaica
834 839 953 894 sunt,
988 831 1087 880 sive
1115 823 1315 892 Judaeis,
1341 832 1442 881 sive
1464 824 1643 878 Prose-

61 910 189 978 lytis,
219 909 369 975 legem
395 910 713 968 serva11tibus;
742 904 941 960 similem
974 925 1049 959 me
1071 906 1282 972 exhibui,
1303 906 1454 972 legem
1479 906 1646 959 obser-e

67 1007 183 1042 vans
205 989 343 1050 (licet
369 993 535 1040 scirem
555 988 608 1040 ea
630 1008 706 1040 me
730 1008 825 1039 non
853 989 1120 1055 adstringi),
1141 997 1191 1039 ut
1215 1007 1294 1040 eos
1317 988 1651 1039 lucrifacerem.

65 1062 150 1129 Ῑίε,
175 1067 251 1134 qui
274 1066 425 1130 legem
452 1068 699 1115 mosaicam
721 1083 816 1115 non
846 1065 1018 1116 habent
1051 1074 1095 1116 et
1132 1082 1228 1115 non
1250 1073 1454 1129 servant,
1474 1065 1524 1115 id
1553 1072 1643 1129 est,

72 1141 353 1207 Gentilibus,
372 1143 515 1194 sactus
543 1162 645 1194 sum
675 1147 801 1209 quasi
821 1143 969 1209 legem
989 1162 1084 1194 non
1105 1143 1307 1203 habens;
1330 1143 1469 1204 (licet
1491 1160 1647 1194 coram

71 1218 182 1275 Deo
203 1224 300 1273 sine
321 1222 421 1287 lege
441 1239 537 1271 non
565 1223 669 1283 sim,
710 1214 882 1287 'quippe
910 1224 987 1288 qui
1014 1219 1186 1272 Christi
1213 1222 1363 1287 legem
1386 1221 1573 1286 servo),
1597 1229 1649 1272 ut

54 1295 281 1352 “Gentiles
301 1300 510 1352 lucrarer.

136 1438 308 1493 Factus
329 1459 431 1492 sum
467 1442 660 1492 infirmis
696 1442 822 1492 velut
854 1438 1091 1505 infirmus,
1132 1450 1298 1491 ut·eos
1338 1438 1647 1491 lucrifacerem

70 1514 280 1572 Christo·
305 1513 426 1571 Uno
448 1523 594 1571 verbo
610 1558 624 1581 ,
645 1521 861 1570 omnibus
903 1523 1056 1570 omnia
1079 1518 1223 1570 factus
1246 1537 1349 1570 sum
1365 1555 1379 1581 ‚
1406 1527 1456 1569 ut
1483 1534 1646 1568 omnes

69 1602 223 1655 salvos
239 1601 450 1654 facerem.

142 1767 268 1821 Haee
290 1778 442 1819 autem
463 1770 618 1819 omnia
634 1766 751 1828 feci,
776 1776 823 1818 et
837 1766 951 1816 facio
980 1772 1171 1832 propter
1192 1761 1500 1830 Evangelium
1531 1761 1649 1813 faci-

70 1843 158 1895 lius
178 1844 550 1911 promovendum
565 1882 580 1908 ‚
611 1853 656 1894 et
681 1848 730 1895 ut
757 1845 931 1910 praemii
952 1845 999 1893 in
1017 1840 1272 1908 Evangelio
1288 1843 1506 1908 promissi
1523 1858 1652 1892 com-

74 1925 301 1993 particeps
327 1923 510 1987 effidar,
531 1923 701 1974 scilicet
725 1941 830 1973 cum
857 1923 951 1974 aliis
973 1921 1203 1973 fidelibus.

146 2065 170 2127 (
191 2063 260 2116 Ut
283 2072 443 2114 autem
476 2072 521 2114 et
554 2081 642 2115 vos
666 2056 836 2114 faciatis
872 2062 997 2114 idem
1014 2061 1057 2126 )‚
1089 2064 1282 2127 cogitate
1304 2061 1429 2127 quod
1455 2064 1570 2111 sicul:
1594 2062 1626 2111 ii
1649 2079 1663 2104 ν

79 2146 224 2211 quiin
247 2142 394 2194 stadio
417 2151 619 2205 currunt,
641 2160 803 2193 omnes
828 2141 1013 2210 quidem
1036 2149 1244 2201 currunt;
1267 2140 1352 2190 sed
1372 2157 1467 2190 non
1491 2155 1655 2190 omnes

75 2221 287 2271 bravium
307 2225 568 2289 reportant,
587 2217 672 2268 sed
695 2220 725 2267 ii
740 2218 841 2279 soli,
863 2220 939 2285 qui
962 2234 1144 2268 cursum
1162 2218 1364 2282 legitime
1386 2216 1652 2283 perficiunt:

75 2298 139 2351 ita
159 2315 245 2348 nos
285 2298 503 2347 currimus
540 2289 735 2363 quidem
775 2313 958 2358 omnes,
983 2295 1066 2345 sed
1090 2312 1187 2344 non
1228 2311 1391 2344 omnes
1416 2290 1660 2358 Evangelii

77 2378 317 2443 praemium
345 2376 598 2440 accipiunt:
625 2375 689 2423 sic
709 2391 818 2440 ergo
843 2391 930 2425 vos
954 2376 1002 2424 in
1025 2371 1268 2438 Evangelii
1291 2373 1439 2424 stadio
1463 2374 1654 2433 currite,

79 2462 134 2506 ut
155 2452 513 2521 apprehendatis
537 2450 755 2517 palmam.-

156 2587 367 2656 Cogitate
393 2598 437 2640 et
459 2589 695 2655 quomodo
721 2592 871 2640 omnis
887 2625 903 2651 ‚
941 2591 1017 2656 qui
1055 2606 1214 2649 cursu,
1240 2587 1315 2638 vel
1337 2583 1456 2638 lucta
1483 2594 1656 2651 certat,

84 2665 282 2716 abstinet
322 2666 380 2715 ab
402 2669 634 2728 omnibus,
658 2669 800 2730 vires,
840 2666 917 2717 vel
941 2666 1231 2716 velocitatem
1264 2669 1467 2732 corporis
1493 2669 1651 2733 impe-

85 2742 317 2794 dientibus
346 2761 357 2790 :
391 2752 436 2792 et
462 2743 524 2792 illi
545 2743 733 2809 quidem
749 2782 762 2806 ‚
781 2751 830 2793 ut
855 2760 1071 2794 coronam
1092 2745 1225 2793 brevi
1251 2744 1497 2808 perituram
1523 2745 1654 2793 acci-

82 2824 211 2890 piant
232 2844 244 2882 ;
275 2818 433 2885 quidni
457 2831 502 2871 et
522 2839 606 2871 nos
630 2820 906 2884 Christiani,
932 2822 1118 2872 amultis
1143 2823 1472 2886 abstineamus,
1499 2836 1646 2888 quau-

87 2917 223 2969 quam
246 2900 397 2967 licitis,
421 2909 472 2952 ut
493 2909 711 2952 aeternam
733 2919 948 2953 coronam
969 2903 1293 2953 obtineamus?
