1716 3204
377 116 587 171 minax
621 132 906 172 EXPOSITIO.
945 118 1062 189 Cap.
1098 107 1242 176 XVIss
1489 130 1590 199 439
1639 105 1645 109 ¹

103 201 260 331 Itaqgg
281 210 473 270 septima
489 207 588 259 dies
623 208 854 259 dicebatur
886 212 1088 262 absolute
1123 215 1386 278 sabbatum,
1415 224 1591 269 caeterae

39 297 141 330 cum
167 298 191 330 a
258 286 338 335 ito,

20 418 24 422 .
85 355 198 405 -Per
217 377 363 408 unam
386 352 496 425 ergo
530 361 733 419 sabbati,
762 359 810 408 id
829 370 897 411 est
918 399 932 425 ‚
953 360 1102 426 prima
1129 364 1201 413 die
1223 366 1452 416 asabbato
1467 402 1480 428 ‚
1509 385 1588 418 seu

32 428 356 484 fflevdominicd
370 473 384 498 ‚
407 433 551 500 prima
574 436 649 485 die
666 433 987 489 hebdomadae.
1002 439 1096 487 Per
1107 458 1252 489 unam
1267 442 1587 506 sabbatorum,

17 503 81 556 *i'd
101 515 204 569 est,
232 510 379 576 prima
396 513 572 562 dierum
593 513 913 580 hebdomadae.
965 536 966 539 ¹

107 586 427 654 'Unusquisque
446 590 648 643 vestram
665 594 794 656 apud
804 602 852 641 s'e
870 603 1087 657 seponat,
1104 597 1366 648 recondam.
1385 595 1469 650 Gr.v
1487 599 1591 650 the-¹

10 663 359 728 'saurizansqid
389 675 456 716 est
476 703 489 725 ,
518 666 731 733 paulatim
765 668 1077 733 accumulanS‚
1102 669 1391 722 tribuendum
1434 683 1591 738 postea
1612 721 1622 731 ,

20 740 80 794 ¹in
98 739 367 798 collectione
390 744 587 809 publica.

106 817 299 882 Quodei
315 822 426 871 bene
442 825 686 887 placuerit.
715 821 882 873 Libera
911 831 980 873 est
1004 824 1310 890 eleemosyna.
1351 824 1436 876 Gr.
1464 829 1586 892 quod

28 904 342 959 prosperatum
371 896 530 962 fuerit,
574 915 655 950 seu
696 899 841 965 quod,
869 895 974 948 Deo
1013 915 1232 965 prospero
1251 936 1264 962 ‚
1311 902 1432 952 bene
1478 915 1585 952 suc-

29 974 230 1024 cesserit.

95 1045 145 1100 A
165 1046 273 1100 Deo
297 1059 365 1102 est
396 1054 700 1118 prosperitas3
723 1051 834 1103 hinc
866 1060 912 1102 et
949 1052 1008 1102 ad
1029 1050 1185 1103 Deum
1208 1053 1448 1121 referenda
1469 1074 1479 1103 :
1507 1056 1588 1106 fa·-

27 1125 218 1177 cultates
237 1125 266 1178 ὲ
301 1125 412 1179 Deo
437 1130 808 1194 suppeditantur3
851 1130 956 1180 ideo
984 1132 1031 1181 in
1068 1127 1225 1182 Deum
1264 1132 1586 1183 refundendae':

27 1222 110 1256 seu
130 1210 255 1273 quasi
273 1210 490 1273 primitiae
504 1245 517 1269 ,
535 1226 616 1258 seu
639 1212 765 1275 quasi
788 1209 999 1260 decimae.

91 1277 254 1350 Itaque
289 1303 446 1335 sensus
469 1294 539 1336 est
566 1305 577 1334 :
610 1287 930 1351 Unusquisque
963 1287 1169 1339 vestr-dm
1188 1326 1203 1353 ‚
1242 1291 1319 1340 die
1358 1287 1588 1339 dominica

26 1363 148 1429 apud
169 1361 260 1423 se(
279 1366 334 1414 in
346 1363 492 1414 arcula
516 1363 709 1429 quadam
728 1364 979 1414 domestica
994 1356 1090 1426 ,ait
1104 1364 1169 1416 D.
1192 1364 1588 1432 Chrysostomus)

24 1448 245 1508 seponat,
276 1439 491 1505 paulatim
515 1437 831 1488 thesaurizans
849 1473 863 1499 ‚
888 1456 969 1489 seu
1001 1442 1229 1490 cumulum
1262 1441 1460 1503 faciens,
1502 1447 1590 1491 tri-

25 1514 262 1565 buendum
287 1516 334 1563 in
363 1514 629 1564 collectione
651 1514 860 1578 publica,
884 1513 1007 1578 quod
1033 1516 1076 1563 ei
1099 1515 1220 1564 bene
1254 1517 1404 1563 visum
1426 1514 1585 1574 fuerit,

23 1608 109 1656 pro
131 1591 274 1642 modo
295 1590 556 1641 facultatum
582 1599 629 1640 et
649 1591 758 1640 lucri
774 1597 941 1655 ‚prout
970 1587 1099 1639 Deus
1117 1593 1158 1640 ei
1179 1591 1468 1640 benedixerit
1490 1611 1500 1650 ;
1539 1600 1589 1640 ut

25 1672 134 1720 cum
151 1679 328 1722 venero
341 1705 354 1732 ,
368 1686 474 1721 ‘non
486 1670 597 1721 fiant
611 1678 718 1720 tunc
737 1669 952 1730 collectae,
971 1669 1054 1718 sed
1070 1677 1233 1734 paratae
1250 1671 1364 1730 sint,
1379 1671 1587 1718 tantum-

25 1756 118 1811 que
131 1753 280 1799 restet
297 1750 523 1799 summam
541 1760 601 1798 ex
621 1748 688 1797 eis
713 1744 955 1797 conflatam
973 1746 1153 1795 mittere
1192 1738 1554 1810 {lerosolymam

533 1894 671 1930 NOTA
708 1892 1067 1930 DOCTRINALIS.

94 2008 175 2064 Ex
195 2013 407 2064 hocloco
430 2016 553 2069 bene
588 2015 810 2079 colligitur
849 2013 971 2079 quod
998 2013 1091 2075 jam
1122 2018 1220 2060 tum
1254 2011 1311 2060 ab
1345 2007 1585 2076 Apostolis

26 2093 236 2156 sep‘timae
259 2091 351 2140 diei
370 2091 634 2140 solemnitas
657 2091 862 2141 translata
881 2089 1015 2140 fuerit
1043 2090 1093 2137 in
1127 2088 1249 2138 diem
1277 2088 1551 2139 dominicam
1575 2107 1587 2134 :

25 2166 134 2216 ideo
156 2169 283 2217 enim
305 2163 555 2231 Apostolus
584 2165 676 2215 vult
698 2163 843 2230 prima
868 2165 944 2215 die
983 2171 1088 2229 post
1109 2165 1348 2213 sabbatum
1379 2163 1589 2212 collectas

31 2243 162 2306 fieri,
185 2238 286 2309 q‘uia
318 2240 373 2291 ea
403 2241 509 2302 die,
549 2249 707 2305 utpote
747 2239 1018 2305 dominica,
1060 2241 1403 2293 conveniebant
1437 2238 1594 2289 fideles

26 2313 183 2368 divina
200 2316 466 2367 celebraturi
490 2319 706 2380 mysteria
726 2324 747 2381 ‚'
759 2318 914 2384 sicque
935 2321 1247 2382 opportunitas
1260 2326 1355 2368 erat
1375 2317 1589 2367 eleemo-

30 2411 175 2462 synas
201 2386 460 2460 oottigendii
514 2420 518 2423 ·

99 2466 230 2521 Hinc
250 2473 387 2521 etiam
412 2473 535 2520 bene
555 2470 780 2535 colligitur
806 2469 930 2535 quod
956 2487 1054 2520 non
1090 2472 1250 2521 omnia
1281 2472 1447 2534 scripta
1471 2467 1589 2528 sinn*

19 2564 134 2614 quaa
153 2550 326 2598 servari·
345 2550 570 2612 jusserunt
586 2545 796 2615 Apostoli
812 2564 826 2607 3
839 2547 924 2597 sed
938 2547 1146 2614 quaedam
1160 2544 1268 2603 viva
1280 2564 1395 2602 voce
1407 2545 1584 2604 tradita,

30 2640 132 2689 quae
153 2624 422 2678 traditiones
449 2621 731 2691 Apostolicae
753 2624 979 2676 dicuntur.
