1716 3204
142 41 242 103 438
452 55 628 119 PmMAEss
662 58 918 101 EPISTOLAE
940 59 1025 110 ,An
1059 47 1381 108 commutas

618 316 993 390 Commentarius
1014 339 1064 390 in
1086 340 1206 406 Cap.
1227 342 1306 394 16.

214 517 272 580 fi.
313 547 355 580 ι.
388 469 771 586 Decollectis
808 538 1039 585 autemr..
1067 529 1254 594 Gr.¹de
1295 534 1493 599 collecta,
1531 554 1613 588 seu
1652 538 1708 588 de

147 605 413 655 collectione
435 606 731 670 pecuniarum
765 622 848 671 pro
871 607 1195 673 eleemosynis·

219 679 340 744 Quoe
354 678 493 743 fiunt
528 679 578 727 in
616 689 822 732 sanctos.
843 677 928 731 Gr.
959 699 1063 749 quae
1085 685 1135 732 in
1168 690 1368 744 sanctoS,
1390 686 1584 734 verbum
1617 703 1713 736 non

148 758 413 820 exprimitur
437 792 451 819 ,
493 756 576 806 sed
613 757 989 823 subintelligitur,
1032 760 1106 810 vel
1137 776 1242 825 quae
1289 759 1368 821 fit,
1400 759 1476 810 vel
1508 777 1612 825 quae
1641 762 1715 813 sa-

148 835 309 884 cienda
333 843 420 896 est,
463 835 512 884 in
537 845 743 896 sanctos,
781 837 829 886 id
869 846 958 901 est,
997 855 1079 904 pro
1116 837 1411 888 sublevandis
1442 841 1714 904 pauperibus

96 954 101 955 a
148 910 400 961 christianis
425 911 734 961 habitantibus
760 909 1041 975 Jerusalem,
1072 913 1147 963 vel
1167 906 1220 960 in
1243 909 1424 961 Judaea.

215 984 284 1036 Hi
305 990 331 1036 ὲ
350 988 440 1036 suis
465 987 813 1049 contribulibus,
837 990 898 1037 ob
926 985 1098 1038 Christi
1119 988 1278 1047 fidem,
1303 986 1480 1037 fuerant
1503 991 1716 1040 omnibus

148 1065 274 1112 exuti
302 1064 453 1112 bonis,
473 1060 605 1112 Heb.
635 1081 710 1113 ιο.
731 1063 817 1127 34,
847 1073 892 1114 et
926 1082 1006 1115 eos
1028 1063 1244 1132 Apostoli
1274 1067 1323 1114 in
1351 1063 1716 1122 concitioffJero-

148 1140 422 1206 solymitano
445 1136 823 1191 commendarunt
845 1139 990 1191 Paulo
1015 1151 1062 1192 et
1085 1139 1317 1191 Barnabae
1333 1139 1393 1190 ad
1412 1148 1573 1204 gen-tes
1595 1145 1716 1192 mis-

149 1221 228 1279 siS,
249 1219 308 1268 ad
326 1216 473 1268 Galat.
498 1238 544 1268 2.
566 1238 650 1268 10:
679 1219 884 1269 Tantum
903 1229 957 1269 ut
968 1238 1229 1285 pauperum
1252 1237 1475 1268 memores
1492 1237 1713 1278 essemus,

155 1298 280 1363 quod
296 1299 523 1346 sollicitus
528 1294 622 1361 fui
620 1292 808 1357 facere.

214 1372 347 1420 Sicut
368 1371 589 1420 ordinavi.
630 1366 732 1433 Syr.
767 1368 1156 1433 quemadmodum
1187 1371 1402 1432 praecepi.

218 1446 389 1496 Sensus
413 1463 523 1509 ergo
548 1452 616 1493 est
636 1462 647 1491 ε
670 1443 795 1507 quod
813 1450 989 1508 spectat
1011 1443 1068 1492 ad
1083 1442 1403 1494 collectionem
1426 1448 1716 1510 pecuniarum

150 1541 231 1589 pro
252 1525 442 1584 sanctis,
463 1539 546 1572 seu
566 1521 782 1570 fidelibus
803 1518 1518 1586 Jerosolymitanisssublevandis
1539 1521 1716 1575 facien-

149 1603 274 1665 dam,
299 1618 385 1652 vos
406 1601 535 1650 idem
549 1600 698 1660 facite,
726 1598 850 1664 quod
872 1595 1090 1649 Ecclesiis
1113 1596 1302 1651 Galatiae
1321 1599 1581 1652 faciendum
1601 1619 1716 1669 prae-

149 1681 275 1744 cepi:
299 1695 380 1728 seu
408 1677 625 1728 eumdem
646 1683 826 1726 servate
847 1676 1060 1738 modum,
1085 1693 1223 1740 quem
1246 1675 1331 1724 illis
1354 1680 1586 1728 constitui.

215 1754 412 1820 Modum
436 1758 660 1821 praecipit‚
685 1771 785 1804 rem
811 1771 905 1803 non
927 1756 1144 1819 praecipit,
1172 1754 1255 1803 sed
1273 1753 1462 1804 liberam
1489 1754 1716 1819 refinquit.

218 1832 290 1897 Υ.
313 1854 362 1884 2.
390 1833 487 1882 Per
503 1852 647 1883 unam
668 1834 872 1883 sabbati.
888 1869 929 1883 ..
959 1829 1046 1882 Gr.
1077 1833 1386 1882 sabbatorum.

216 1907 404 1976 Duplex
437 1910 517 1960 hic
542 1908 861 1960 HebraismuS.
891 1906 1105 1971 Primus,
1133 1926 1258 1968 una,
1283 1925 1367 1974 pro
1397 1910 1543 1972 prima
1560 1942 1573 1969 ‚
1598 1907 1716 1971 apud

148 1990 342 2042 Judaeos
363 2009 580 2043 numerus
607 1989 840 2041 cardinalis
877 1989 1133 2056 ponebatur
1159 2006 1242 2054 pro
1259 1988 1479 2039 numerali
1493 2015 1512 2050 ,·
1527 1995 1578 2038 ut
1592 1983 1716 2037 Gen.

154 2083 200 2117 1.
226 2060 282 2118 Ῠ.
306 2067 335 2118 5
356 2083 369 2115 :
394 2069 684 2132 Factumque
703 2075 774 2115 est
791 2083 976 2130 vespere
996 2074 1042 2114 et
1076 2083 1215 2114 mane
1232 2101 1249 2125 ,
1273 2065 1369 2115 dies
1397 2081 1545 2124 unus,
1579 2063 1629 2120 id
1649 2071 1716 2112 est

150 2146 341 2208 primus.

221 2219 468 2273 Secundus
496 2220 818 2283 Hebraismus,
856 2221 1062 2280 sabbati,
1103 2237 1183 2286 p-ro
1224 2218 1544 2289 hebdomadas.
1571 2215 1714 2284 Apud

152 2298 342 2348 eosdem
377 2296 567 2348 Judaeos
593 2298 835 2347 sabbatum
871 2305 966 2346 erat
1006 2299 1197 2362 septima
1229 2296 1342 2358 dies,
1372 2290 1581 2362 shaecque
1618 2295 1715 2345 dies

71 2390 74 2391 ’
154 2383 247 2425 erat
268 2393 391 2426 sacra
414 2384 460 2426 et
484 2384 578 2426 tota
601 2373 710 2426 Deo
733 2375 916 2425 devota.

219 2452 305 2505 Ab
340 2455 428 2505 hac
466 2464 619 2506 autem
659 2455 763 2515 die,
806 2462 1020 2518 tanquam
1043 2455 1070 2501 ὲ
1095 2451 1308 2501 nobiliori
1351 2459 1503 2516 parte,
1537 2459 1584 2501 et
1620 2454 1715 2517 ipsa

150 2530 448 2581 hebdomada
468 2532 703 2581 dicebatur
723 2530 986 2589 sabbatum,
1009 2537 1057 2578 ut
1076 2529 1239 2595 jejuno
1261 2530 1332 2577 bis
1356 2530 1405 2576 in
1423 2528 1645 2590 sabbato,
1669 2530 1714 2578 id

152 2614 223 2655 est
242 2642 256 2668 ,
282 2608 331 2656 in
356 2594 679 2663 bebdomada:
704 2613 748 2656 et
768 2621 928 2654 omnes
951 2604 1023 2653 alii
1045 2604 1144 2656 dies
1165 2605 1431 2654 dicebantur
1450 2607 1590 2654 etiam
1611 2607 1715 2654 sab-

153 2684 292 2743 bata,
322 2683 405 2732 sed
428 2700 533 2734 cum
555 2683 727 2732 addito.
753 2679 910 2731 Prima
935 2681 1143 2742 sabbati,
1175 2681 1374 2732 secunda
1394 2681 1593 2742 sabbati,
1617 2691 1714 2743 ete„

153 2758 204 2807 id
227 2766 323 2820 est,
342 2761 487 2824 prima
509 2764 536 2809 a
568 2760 790 2822 sabbato,
828 2775 909 2808 seu
946 2766 1048 2822 post
1085 2760 1346 2822 sabbatum,
1388 2764 1494 2820 etc„
1523 2759 1714 2808 secunda

155 2844 260 2900 post
283 2837 537 2906 sabbatum.
596 2887 597 2890 ,
1354 2848 1357 2850 ’
