1760 3210
455 55 643 96 PMMAE
656 79 661 86 ι
673 60 934 99 EntsTOLAE
958 62 1029 98 Al)
1048 61 1369 102 CORINTHIOS

103 131 162 183 ad
191 149 286 182 suae
308 132 514 195 conjugis
537 131 776 183 utilitatem
809 134 1111 201 temporalem
1147 142 1195 185 et
1226 139 1621 192 aetemamfsatute
1650 162 1697 206 ’³'ss

169 207 228 267 ψ
259 210 335 262 13
370 211 465 259 Vos
493 213 583 275 ipsc
577 211 868 277 judz'mcate
901 222 1005 281 post
1030 215 1183 265 allatas
1201 219 1226 264 a
1249 233 1326 267 me
1349 220 1580 278 rationes,
1600 237 1664 271 vo
1686 256 1689 258 -

111 289 198 352 ipsi
227 304 349 344 nunc
387 286 588 350 judicate
625 305 682 337 an
719 287 883 340 deceat
919 290 1159 340 mulierem
1179 307 1275 340 non
1297 291 1531 344 velatam·
1505 310 1565 344 m
1589 311 1694 361 pu·-

109 367 242 417 blicis
262 367 457 416 coetibus
484 383 640 428 orare,
669 377 826 418 contra
847 370 988 435 ipsius
1012 377 1187 420 naturae
1216 369 1462 423 dictamen.
1691 420 1695 422 ,

185 441 492 508 Ῡ.14.Νεε
516 450 620 512 ipsa
637 455 811 495 natura
831 451 962 496 docel
989 467 1108 499 vos.
1112 446 1236 499 ..Gr
1260 466 1319 498 an
1339 466 1428 499 nec
1450 451 1578 517 ipsa,
1595 459 1694 503 etc.
1755 497 1757 503 Α

115 522 222 590 Syr.
246 541 426 575 nonne,
448 526 756 591 ipsanatura,
797 533 907 587 etc.,
939 526 1168 590 intellige,
1198 528 1455 576 communis
1493 541 1687 589 sensus,
1755 514 1757 522 ἲ

113 619 221 652 usus
249 603 418 666 ubique
440 609 680 668 receptus,
707 601 935 653 dictamen
953 613 1123 654 naturae
1140 643 1151 664 ‚
1177 604 1312 654 docet
1336 621 1423 653 vos
1444 604 1571 668 quod
1587 606 1691 655 viro
1715 635 1717 638 ·

108 681 172 746 sit
195 679 364 743 probro
381 714 395 739 ,
421 681 458 727 si
478 677 750 728 seminarum
773 696 902 730 more
918 718 933 744 ,
963 683 1021 730 sit
1041 688 1260 730 comatus.
1280 677 1390 730 Hoc
1409 683 1534 731 enim
1563 681 1692 732 mol-
1732 728 1733 732 ,

111 755 167 806 lis
192 757 332 804 animi
354 765 670 821 argumentum
697 765 781 807 est.

183 830 393 898 Intellige
419 834 477 882 de
506 851 590 882 usu
612 835 731 901 apud
752 843 913 899 gentes
928 837 1128 885 maxime
1153 834 1292 885 cultas
1316 841 1503 901 recepto
1525 873 1538 899 ,
1557 852 1606 884 v.
1622 851 1690 900 g..
1731 888 1750 910 ,Δ

122 907 632 973 6τεεεοε,,Βοιηεῐιοε.
670 909 856 961 Etenim
893 913 1097 976 plerique
1127 913 1308 964 barbari
1334 921 1441 963 tunc
1470 915 1698 978 temporis*
1717 901 1727 965 Ϊ,

124 998 253 1040 erant
277 992 460 1043 comati,
476 1007 523 1038 V.
543 1006 585 1053 g.
605 1028 619 1052 ,
642 986 790 1052 Galli,
817 987 1066 1053 Germani,
1097 989 1576 1059 Hispani,Britauni,
1595 998 1692 1043 etc.
1728 1000 1731 1029 -’
1755 983 1757 994 ³

192 1063 246 1120 Ῠ.
274 1065 351 1115 15.
381 1068 556 1115 Mulier
581 1071 690 1116 νενὸ
709 1070 756 1115 .ςί
770 1087 955 1118 comum
972 1072 1205 1121 nutriat...
1724 1067 1736 1078 ²

185 1140 229 1194 Ε
252 1146 412 1193 contra
436 1143 612 1194 mulieri
650 1145 790 1196 decus
824 1147 1034 1210 accedit,
1055 1149 1094 1196 si
1123 1154 1299 1197 comata
1325 1149 1408 1210 sit,
1437 1149 1541 1214 quia
1562 1162 1706 1198 comav

121 1241 207 1291 pro
232 1224 460 1275 velamine
489 1224 590 1274 data
610 1234 678 1276 est
706 1228 772 1288 ei,
794 1235 840 1277 ut
861 1230 996 1277 estin
1015 1223 1202 1276 GraecO.
1699 1288 1719 1301 ¹

192 1298 466 1368 Capillitium
493 1302 678 1367 longum
708 1313 752 1354 et
794 1307 1033 1371 copiosum
1062 1308 1088 1353 a
1129 1311 1286 1353 natura
1326 1302 1505 1354 mulieri
1537 1294 1708 1353 datum
1720 1326 1735 1346 z

126 1390 220 1445 est,
243 1386 368 1450 quasi
392 1384 588 1433 naturale
613 1384 840 1438 velamen.

201 1459 257 1521 ᾖ.
280 1461 356 1513 16.
378 1465 434 1511 St
458 1466 558 1528 quis
581 1472 740 1511 aulem
767 1464 951 1511 wdetur
968 1481 1065 1512 esse
1085 1465 1448 1516 contentiosum„
1471 1461 1575 1531 Syr.
1591 1459 1726 1534 cae‘2

127 1544 309 1603 terum,
332 1543 485 1608 siquis
504 1543 751 1592 contendat
770 1542 1019 1593 adversum
1046 1542 1174 1608 haec,
1197 1544 1245 1596 id
1272 1555 1368 1606 est,
1396 1547 1435 1596 si
1464 1546 1564 1610 quis
1589 1555 1752 1607 conv&

124 1625 305 1673 trariam
324 1627 597 1675 sententiam
623 1625 948 1674 contentiosius
977 1631 1180 1684 tueatur,
1209 1622 1352 1674 nolim
1367 1630 1524 1674 contra
1543 1623 1706 1685 hujus·
1753 1686 1756 1691 ¹

127 1701 256 1753 modi
282 1706 444 1763 rixari;
480 1704 623 1769 modo
646 1707 755 1754 sciat
776 1721 865 1757 nec
895 1711 1105 1753 nostrum
1128 1720 1229 1753 esse
1259 1720 1468 1764 morem,
1487 1719 1577 1752 nec
1598 1697 1706 1752 Ec-
1747 1764 1754 1771 ¹

129 1779 279 1830 clesiae
330 1782 735 1843 consuetudinem,
782 1783 905 1848 quasi
946 1780 1164 1831 diceret:
1195 1777 1405 1846 Oppono
1453 1792 1710 1844 synagogae
1731 1813 1746 1843 ·;

128 1858 528 1921 consuetudinem;
563 1877 747 1925 oppono
773 1855 991 1908 Ecclesiae
1020 1874 1216 1916 morem,
1235 1858 1392 1920 ibique
1407 1856 1534 1904 sisto.

201 1932 296 1985 Alii
332 1955 412 2003 per
450 1956 535 1986 nos
563 1938 848 2001 intelligunt,
882 1933 1167 2000 Apostolos,
1210 1933 1340 1998 quasi
1385 1931 1584 1982 diceret:
1605 1924 1742 1980 Nos.

133 2009 350 2080 Apostoli
389 2015 524 2066 talem
545 2013 954 2075 consuetudinem,
985 2012 1196 2062 mulieres
1229 2011 1400 2060 scilicet
1435 2011 1485 2058 in
1517 2006 1712 2058 ecclesia
1738 2063 1741 2066 ¹

130 2105 289 2162 aperto
329 2100 476 2163 capite
510 2096 760 2158 tolerandi,
785 2113 882 2145 non
917 2094 1170 2152 habemus;
1197 2110 1346 2156 neque.
1368 2090 1584 2140 Ecclesia
1623 2089 1746 2138 Dei

133 2177 307 2242 ubique
330 2186 549 2229 terrarum
565 2178 756 2238 diffusa,
780 2175 907 2228 hoc
894 2195 939 2227 in
962 2179 1055 2226 suis
1076 2174 1382 2225 conventibus
1398 2171 1576 2223 tolerat

203 2255 334 2306 hinc
358 2255 546 2307 Grotius
561 2260 647 2306 ait:
675 2251 873 2306 Duabus
891 2255 1124 2304 securibus
1143 2252 1473 2318 disputationes
1491 2197 1716 2312 amputat,

133 2328 408 2395 Apostolico
453 2335 660 2383 instituto
706 2341 751 2383 et
795 2330 1099 2381 Ecctesiarum
1139 2327 1488 2379 consuetudine.
1526 2323 1719 2376 Revera

138 2408 470 2478 Apostolorum
493 2414 698 2461 instituto
720 2419 764 2460 et
793 2405 1099 2459 Ecclesiarum
1122 2403 1443 2456 consuetudini
1470 2401 1718 2462 obsistere,

138 2501 209 2542 est
233 2492 462 2558 disputare
489 2510 585 2542 non
609 2494 843 2551 veritatis,
871 2489 955 2540 sed
985 2489 1196 2538 vanitatis
1236 2493 1284 2536 et
1303 2485 1507 2535 victoriae
1531 2479 1683 2531 studio
1703 2495 1719 2527 z
1752 2507 1760 2530 t

140 2567 429 2641 φιλόνεικος,
460 2580 634 2622 amator
663 2572 893 2629 victoriae,
924 2569 1263 2616 contentiosus.·
1749 2563 1760 2648 ᾗ

206 2655 397 2709 Duabus
417 2658 489 2709 his
511 2659 749 2708 securibus
772 2657 934 2707 multas
955 2658 1012 2706 ab
1034 2654 1266 2704 haereticis
1286 2654 1527 2702 intentatas
1547 2646 1683 2714 dispu
1701 2672 1722 2683 ·
1746 2649 1760 2756 1

139 2741 334 2789 tationes
353 2748 585 2806 amputare
611 2755 869 2805 possumus.

212 2821 280 2880 V.
313 2842 329 2874 1
344 2843 392 2890 7.
423 2826 530 2874 Hoc
549 2833 708 2872 aulem
727 2823 954 2889 praecipio
968 2841 1060 2872 non
1082 2820 1338 2871 laudansn.
1353 2815 1439 2869 Gr.
1459 2815 1552 2866 hoc
1568 2818 1726 2862 autem

140 2905 413 2954 annuntians
446 2919 542 2952 non
565 2902 720 2966 laude,
762 2910 852 2952 etc.
888 2899 994 2968 Syr.
1017 2899 1110 2950 hoc
1142 2893 1447 2964 autem-quod
1477 2891 1724 2960 praecipio,
