1760 3210
446 78 690 131 sumti·
715 78 987 118 exeosrrlo.
1024 64 1142 132 Cap.
1164 59 1310 116 ·XV.-
1573 69 1673 124 385

63 219 68 223 ,
105 154 347 227 ᾠᾷίυάρς
383 162 432 207 et
466 154 566 207 alia
581 156 890 218 terrestrium,
928 172 977 205 v.
995 172 1039 219 g.
1063 171 1379 220 gemmarum,
1412 157 1551 224 idque
1584 177 1668 226 pro

105 237 399 314 qualitatum
391 235 686 299 diversitate3
709 237 769 286 ita
793 235 976 289 diversa
998 238 1081 286 erit
1100 240 1233 288 susci
1224 246 1417 290 atorum
1437 239 1577 304 gloria
1591 258 1673 307 pro

105 308 372 370 diversitate
393 318 680 366 meritorum.

173 392 238 471 Et
258 397 370 447 sicut
385 404 618 470 astrorum
652 396 854 460 ipsorum
887 393 971 444 alia
990 403 1036 446 et
1061 395 1239 445 diversa
1261 404 1327 446 est
1349 397 1560 451 claritas:
1586 401 1670 453 alia

105 470 232 528 enim
253 458 429 526 claritas
454 460 584 535 solis,
618 468 707 532 alia
727 471 875 535 lunae,
900 481 984 524 ete.
1009 512 1025 538 ‚
1065 477 1126 524 ita
1153 476 1504 548 uniuscujusque
1534 485 1677 533 sancti

108 552 291 606 diversa
309 556 391 620 erit
415 552 556 617 gloria
577 551 650 600 ab
664 550 842 599 alterius
860 509 1020 615 'glorian

139 697 149 706 ,
174 640 255 714 δὶς
273 644 514 716 unicuique
545 658 624 691 sua
651 642 735 690 erit
760 638 899 704 gloria
924 641 1101 705 propria
1123 643 1171 690 in
1193 646 1523 700 resurrectione
1545 662 1683 697 mora

6 765 17 771 ,
107 718 308 771 tuorum.

149 791 155 806 ’
175 789 287 850 Hoc
304 808 455 850 autern
474 796 597 864 quod
612 798 814 864 sequitur
830 797 912 846 erit
932 798 1146 847 omnibus
1162 814 1406 848 commune
1422 817 1435 846 ε
1457 800 1676 864 sepelitur

106 880 289 929 interra
307 876 612 942 corruptibile,
636 883 681 925 et
699 883 747 925 ut
759 883 1092 938 corrumpatur;
1114 883 1266 941 surget
1279 871 1640 942 incorruptibile.

175 949 400 1018 sepelitur
418 952 533 1012 vile,
561 952 789 1014 abjectum
812 959 855 1000 et
879 950 1092 1001 difforme
1110 970 1122 1009 ;
1143 962 1344 1019 resurget
1369 953 1605 1020 pulchrum
1625 963 1671 1006 et

107 1030 398 1096 splendidum
421 1049 431 1079 :
457 1034 709 1081 seminatur
757 1029 1015 1091 infirmum,
1046 1030 1298 1082 invalidum
1326 1039 1371 1082 et
1391 1034 1490 1082 sine
1514 1040 1667 1091 motu;

106 1115 259 1172 surget
288 1116 477 1172 potens,
503 1107 619 1158 forte
646 1116 690 1158 et
709 1108 839 1173 agile.

175 1179 400 1250 Sepelitur
414 1182 498 1246 tale
513 1182 643 1247 quale
662 1192 729 1232 est
754 1183 1013 1232 animalium
1033 1201 1225 1248 corpus;
1247 1192 1399 1249 surget
1420 1185 1646 1250 spirituale
1662 1224 1675 1248 ,

107 1260 304 1321 subtile,
329 1257 433 1309 leve
450 1297 464 1320 ‚
489 1260 545 1308 ab
569 1258 828 1309 animalium
849 1261 1110 1323 indigentiis
1131 1261 1465 1326 independens.

175 1334 256 1391 Ne
278 1336 513 1388 'miremini
539 1337 660 1403 quod
688 1354 850 1400 corpus
868 1336 1099 1402 spirituale
1123 1337 1352 1388 dixerim·
1376 1343 1547 1390 etenim
1565 1343 1680 1392 sicut

107 1424 181 1468 est
197 1432 364 1492 corpus
387 1414 607 1473 animale
634 1414 771 1480 quod
782 1413 1006 1464 habemus
1039 1415 1097 1463 ab
1123 1411 1342 1480 Adamo‚
1366 1419 1426 1466 ita
1446 1427 1492 1468 et
1512 1436 1676 1487 corpus

109 1493 336 1561 spirituale
360 1493 493 1559 quod
520 1492 836 1541 habebimus
822 1511 847 1541 a
878 1486 1087 1542 Christo.

175 1567 251 1621 De
269 1571 415 1636 primo
439 1570 655 1633 scriptum
679 1575 783 1616 est.
766 1563 965 1617 Faetus
989 1575 1055 1616 est
1079 1566 1446 1630 animalviv‘en5‚
1467 1566 1561 1620 vita
1579 1572 1677 1621 sci-
1711 1563 1714 1566 ’

108 1650 213 1702 lieet
232 1647 414 1699 subdita
427 1647 686 1712 indigentiis
699 1647 979 1708 animalium,
995 1655 1039 1696 et
1060 1646 1329 1697 hancvitam
1349 1650 1504 1699 tribuit
1522 1651 1672 1703 nobis.

177 1724 383 1778 Christus
402 1734 555 1776 autem
571 1727 618 1773 in
635 1741 712 1774 sua
738 1726 1066 1773 resurrectione
1088 1723 1230 1774 sactus
1251 1734 1319 1774 est
1340 1728 1520 1790 spiritus
1542 1730 1675 1779 vivi-

107 1806 274 1866 finan-s,
308 1796 429 1854 carni
452 1820 544 1852 suae
564 1805 705 1851 vitam
727 1803 931 1851 tribuens
948 1838 960 1862 ,
987 1802 1164 1867 qualem
1193 1801 1365 1854 habent
1387 1802 1600 1869 spiritus}
1622 1813 1670 1859 et

107 1881 229 1932 banc
247 1883 386 1951 vitam
410 1881 564 1929 tribuit
590 1880 741 1929 nobis·

176 1953 273 2009 Sed
295 1959 524 2025 spirituale
554 1974 717 2024 ¹corpus
741 1973 837 2005 non
857 1965 926 2006 est
947 1958 996 2004 in
1017 1957 1152 2006 nobis
1176 1959 1295 2022 prius
1317 1965 1549 2023 tempore;
1586 1960 1671 2011 sed

110 2037 234 2103 prius
258 2033 480 2097 habemus
501 2034 694 2083 animale
713 2049 874 2097 corpus
890 2070 902 2094 ‚
926 2032 1055 2097 quale
1077 2030 1283 2083 Adamas
1304 2052 1316 2081 :
1341 2034 1513 2086 deinde
1531 2039 1672 2102 spiri-

107 2111 228 2163 tuate
243 2112 518 2162 habebimus
535 2148 549 2174 ,
573 2111 703 2176 quale
722 2107 948 2161 ChristuS.

176 2187 366 2242 Primus
396 2189 570 2254 homo,
601 2192 704 2255 quia
726 2188 784 2237 de
805 2197 935 2237 terrae
966 2186 1102 2248 limo,
1132 2187 1239 2237 ideo
1265 2197 1472 2240 terrenus
1493 2199 1539 2241 et
1558 2195 1669 2242 ani—-

107 2268 262 2327 malis;
286 2267 542 2331 secundus,
565 2270 670 2334 quia
685 2265 746 2315 de
770 2265 887 2314 eoelo
911 2272 1073 2328 natus,
1098 2265 1205 2334 ideo
1234 2268 1428 2318 coelestis
1451 2278 1498 2319 et
1520 2271 1665 2334 spiri-

110 2346 255 2403 tualis.

181 2420 342 2489 Qualis
359 2421 442 2473 fuit
468 2429 674 2472 terrenus
693 2376 769 2471 ille
792 2437 991 2488 parens,
1021 2419 1131 2471 tales
1158 2428 1202 2471 et
1220 2438 1344 2471 nunc
1369 2439 1552 2485 sumus,
1577 2424 1673 2475 sci-

108 2502 215 2552 licet
250 2502 417 2551 terreni
446 2508 491 2550 et
528 2499 784 2549 animales.
812 2498 952 2564 qualis
997 2506 1066 2548 est
1102 2494 1311 2549 Christus
1357 2507 1483 2578 pater
1518 2511 1676 2586 noster
1706 2495 1709 2499 ⁵

113 2582 330 2645 caelestis,
345 2579 464 2631 tales
485 2582 651 2631 erimus
677 2579 882 2629 coelestes
910 2585 955 2628 et
975 2577 1241 2643 spirituales,
1593 2599 1597 2601 “

182 2661 590 2727 Quemadmodum
616 2665 748 2728 igitur
771 2668 878 2711 ante
903 2656 1195 2725 Baptismum
1212 2658 1397 2711 Adamo
1420 2668 1601 2712 terreno
1630 2670 1676 2713 et

109 2742 365 2808 peccatori,
391 2741 612 2806 improbis
648 2740 850 2790 moribus
885 2740 1078 2801 nostris,
1118 2738 1288 2788 similes
1320 2738 1512 2799 fuimus3
1541 2743 1599 2790 ita
1628 2750 1673 2791 et

107 2835 239 2878 nunc
264 2821 315 2869 in
338 2815 522 2869 Christo
557 2822 731 2882 renati,
760 2819 924 2869 sanctis
955 2817 1183 2881 moribus,
1224 2813 1373 2867 Patris
1397 2823 1540 2870 nostri
1567 2833 1672 2869 eoe-

61 2897 233 2951 “lestis
255 2898 505 2960 imaginem
531 2906 780 2967 portemuS.
