1760 3210
0 0 113 9 m—-—

3 110 6 111 ⁷
399 71 938 121 ulex-exstateosrno.
974 56 1093 120 Cup.
1127 52 1248 108 Vll.
1514 51 1615 130 ,163

0 199 6 202 t
39 182 46 186 -
47 147 178 219 fij.
201 145 281 200 16.
301 146 435 199 Unde
448 147 574 197 em‘m
589 146 917 206 scis‘mulz‘er...
938 141 1152 201 Occurrit
1164 142 1442 207 rationi'quae
1454 130 1616 206 posset

36 230 101 293 in
117 228 390 278 contrarium
410 224 600 276 afferri:
623 226 874 283 nimirum,
901 239 1007 286 spes
1034 231 1103 272 est
1138 219 1269 286 quod
1283 226 1612 283 convertatur,

46 315 96 360 et
113 305 376 373 respondet
386 303 510 371 quod
532 321 606 354 res
625 305 682 354 sit.
707 301 840 352 valde
861 303 1048 350 incerta.
1072 300 1211 349 Unde
1231 317 1358 348 emm
1377 300 1495 358 scis,
1521 305 1615 350 etc.

110 381 270 448 Itaque
305 383 405 432 sine
430 383 584 441 abire,
623 388 667 431 et
686 388 732 430 tu
757 377 968 437 discede,
992 376 1159 442 tuaque
1176 386 1303 426 utere
1325 372 1546 426 libertate.

110 456 224 524 Ῠη
205 481 284 527 7,
307 459 426 510 Nisi
437 479 516 510 unz
503 461 682 524 l'cuzque
701 459 822 507 sicut
843 457 1052 506 (Ιίυῑείι...
1084 455 1186 524 Syr.
1210 457 1292 506 scd
1306 457 1616 522 unusquisque

42 544 93 588 ut
108 537 195 587 sibi
216 539 401 602 partitus
421 544 489 586 est
508 532 634 584 Deus
653 572 667 594 ‚
689 542 733 584 et
756 537 1066 600 unusquisque
1087 541 1135 583 ut
1167 550 1272 581 eum
1294 535 1478 580 vocavit
1502 527 1618 579 Do-

42 614 223 675 minus,
250 615 312 663 ita
337 611 554 662 ambulet.
582 609 797 676 AEthiop.
843 620 888 661 et
924 609 1068 662 Arab.
1093 615 1430 659 verumtamem
1468 625 1618 657 1111115-

33 690 238 757 quisque
261 690 404 750 sicut,
432 695 520 738 etc.
541 685 702 753 Itaque
730 687 827 736 tusi
849 690 1049 753 positum
1071 702 1153 751 pro
1182 685 1292 743 sed,
1326 691 1371 734 et
1397 685 1459 732 ita
1481 685 1618 733 etiam

43 753 397 832 T.heophylact
422 761 596 815 Sensus
620 782 728 830 ergo
752 773 850 816 est:

116 841 212 894 Sed
232 844 384 896 hocin
407 847 622 910 negotio,
644 841 956 913 unusquisque
979 841 1236 894 secundum
1255 842 1442 906 gratiam
1463 843 1488 890 a
1511 837 1617 890 Deo

45 923 136 974 sibi
163 923 315 974 datam
331 924 558 983 ambulet,
590 932 636 974 et
665 928 711 974 in
733 934 850 975 statu
871 928 919 976 in
940 942 1030 990 quo
1047 932 1169 987 erat,
1193 926 1297 971 cum
1326 929 1515 972 vocatus
1546 927 1619 970 est

46 998 106 1048 ad
127 997 296 1060 fidem,
317 999 495 1049 stabilis
517 1009 796 1065 permaneat.
1054 1046 1063 1048 J

115 1071 208 1124 His
231 1075 385 1124 verbis
409 1076 581 1124 indicat
606 1074 862 1142 Apostolus
890 1077 1075 1128 fidelem
1102 1094 1196 1126 non
1221 1078 1363 1127 teneri
1385 1076 1469 1125 sub
1493 1091 1620 1142 prae-

47 1159 183 1220 cepto
225 1152 284 1203 ad
325 1152 650 1203 dimittendum
694 1172 947 1220 paganum,
987 1159 1122 1205 etiam
1158 1155 1502 1212 discedentem,
1536 1151 1622 1203 sed

47 1245 187 1296 posse
212 1233 424 1294 retineri,
463 1240 509 1282 et
532 1249 636 1282 cum
657 1249 714 1289 eo
740 1232 948 1282 habitare
966 1272 980 1297 ,
1008 1236 1045 1282 si
1070 1236 1127 1282 sit
1162 1251 1267 1299 spes
1291 1251 1397 1282 611111
1431 1230 1621 1281 Christo

45 1305 374 1360 lucrifaciendi.

116 1378 414 1451 Praeceptum
435 1385 620 1451 quidem
646 1395 716 1437 est
747 1404 841 1438 non
865 1388 1140 1438 discedendi
1164 1390 1220 1438 ab
1244 1386 1416 1438 infideli
1433 1386 1619 1452 pacifice

50 1458 314 1512 cohabitare
327 1462 513 1513 volente
527 1502 540 1526 ‚
559 1464 642 1513 sed
659 1482 754 1513 non
772 1473 840 1514 est
863 1474 1141 1531 praeceptum
1163 1464 1430 1530 repudiandi
1449 1461 1619 1511 volen-

47 1543 147 1586 tem
174 1538 439 1601 discedere,
465 1543 552 1590 nisi
580 1541 697 1590 sorte
718 1546 772 1591 sit
791 1545 986 1608 propriae
1004 1543 1316 1593 subversionis
1342 1536 1617 1606 periculum.

116 1613 223 1667 Hac
241 1620 288 1668 111
311 1636 360 1668 16
379 1617 508 1669 1)6115
531 1619 836 1669 consulendus
860 1629 951 1681 est,
978 1629 1022 1670 et
1051 1622 1304 1670 secundum
1330 1621 1427 1682 ejus
1449 1620 1614 1669 volun-

43 1698 186 1774 tatem
207 1703 252 1745 et
269 1699 456 1761 gratiam
479 1700 787 1763 unusquisque
810 1698 948 1749 debet
971 1717 1104 1763 agere
1128 1719 1139 1748 :
1163 1699 1246 1748 sed
1264 1699 1376 1749 nihil
1390 1697 1617 1763 agendum

22 1795 24 1797 ·
49 1775 242 1834 temere.

55 1847 59 1852 ⁵
117 1849 341 1905 Hominis
360 1852 672 1903 conditionem
698 1851 812 1902 fides
829 1889 843 1915 ‚
874 1870 952 1902 seu
977 1849 1211 1919 Baptisma
1230 1871 1325 1903 non
1342 1861 1501 1904 mutat.

59 1984 61 1986 ,
120 1931 202 1980 Ila
219 1931 357 1980 doceo
390 1935 440 1980 in
470 1933 684 1980 omnibus
706 1932 951 1990 Ecclesizs,
980 1940 1026 1982 et
1059 1935 1249 1995 merito,
1279 1951 1339 1997 ne
1361 1929 1616 1982 Christiana

49 2008 236 2078 Religio
257 2010 612 2077 Rempublicam
633 2014 899 2077 perturbare
929 2014 1174 2064 videretur.

119 2080 178 2140 3⁵.
221 2087 297 2137 18.
334 2081 645 2136 Circumcisus
673 2088 848 2153 aliquls
877 2097 1069 2138 vocatus
1110 2097 1224 2137 est..
1243 2083 1327 2138 ‚A
1363 2089 1582 2152 conjugiis
1597 2124 1610 2149 ‚

52 2168 191 2218 etiam
212 2167 471 2232 disparibus
486 2186 581 2217 non
601 2166 727 2216 facile
767 2168 1025 2230 mutandis,
1056 2169 1211 2216 11311511
1240 2125 1296 2216 ad
1317 2167 1422 2216 alias
1446 2166 1614 2217 condi-

50 2244 204 2293 tiones
221 2246 359 2294 etiam
380 2260 473 2294 non
493 2245 747 2295 mutandaS.

116 2317 228 2372 Sive
264 2319 396 2372 suerit
424 2321 504 2371 alia
531 2325 722 2388 quaestio
745 2326 771 2370 a
793 2319 1042 2374 Corinthiis
1065 2324 1293 2390 proposita
1311 2359 1324 2382 ‚
1353 2322 1522 2372 scilicet
1558 2339 1617 2371 an

0 2417 1 2443 l
49 2404 172 2452 servi
199 2419 280 2468 per
301 2399 588 2468 Baptismum
614 2405 723 2452 fiant
764 2404 929 2453 liberi?
969 2424 1025 2455 an
1056 2390 1264 2455 Gentiles
1287 2404 1499 2469 baptizali
1524 2403 1616 2452 de·-

0 2481 3 2520 ἱ
49 2480 192 2532 beant
216 2476 517 2533 circumcidi?
539 2486 637 2533 sive
656 2481 850 2548 Paulus,
879 2502 960 2550 pro
984 2504 1064 2536 suo
1087 2504 1217 2536 more
1237 2523 1250 2548 ,
1274 2485 1331 2535 ab
1351 2503 1441 2534 una
1456 2503 1531 2547 re,
1552 2484 1611 2534 ad

43 2557 178 2620 aliam
194 2560 388 2618 similem
409 2569 604 2611 transeat
627 2579 684 2625 ox
705 2565 960 2613 occasione.

123 2634 362 2705 Quidquid
407 2643 490 2702 sit,
536 2640 635 2690 vult
676 2638 929 2707 Apostolus
978 2641 1161 2703 fideles,
1194 2645 1411 2708 quantum
1449 2641 1614 2707 religio

48 2713 184 2775 sinit,
207 2716 254 2764 in
271 2732 353 2766 suo
375 2727 490 2768 statu
511 2718 694 2769 stabiles
713 2737 827 2771 esse.

91 2818 94 2822 ·
119 2786 300 2857 Aliquis
315 2794 372 2842 ad
393 2786 536 2846 fidem
557 2805 742 2848 vocatus
762 2805 831 2847 est
849 2835 862 2859 ,
890 2802 994 2848 cum
1012 2800 1144 2863 jaina
1164 2798 1423 2862 parentibus
1444 2792 1618 2852 Judaeis

52 2876 172 2934 esset
197 2871 486 2923 circumcisus
505 2892 531 2937 ι,
