1760 3210
430 67 690 106 “ramum
721 66 1000 119 exposrrm.
1037 53 1155 118 Cap.
1196 53 1291 105 XI.
1563 57 1665 125 267

164 133 232 190 Ut
252 136 396 191 Filius
415 138 527 205 Dei,
547 143 594 191 in
613 138 931 206 splendoribus
953 147 1212 191 sanctorum
1230 142 1429 206 genitus,
1455 158 1515 193 ex
1536 152 1665 195 utero

19 226 22 230 “
95 223 204 268 ante
232 214 520 276 Lucifernm3
543 208 636 268 ‘seu
665 225 714 266 ut
743 218 922 280 genitus
951 224 1021 265 est
1048 226 1154 267 ante
1181 234 1369 268 omnem
1397 225 1663 283 creaturam,

95 313 181 363 per
208 299 395 361 gratiam
419 295 668 360 lucentem,
704 293 878 345 habens
907 295 1228 361 exemplariter
1253 298 1299 344 in
1327 312 1378 346 se
1401 296 1667 361 splendores

97 377 306 427 omnium
327 380 615 425 sanctorum:
644 380 695 422 ut
721 374 788 422 sic
818 371 1000 435 speciali
1027 371 1168 421 modo
1203 380 1272 421 est
1293 373 1530 437 exemplar
1551 391 1669 440 spe-

96 452 276 502 cialium
300 445 562 517 gratiarum,
601 450 764 515 quibus
794 447 1046 512 spirituales
1077 457 1288 498 creaturae
1314 449 1596 502 illustrantur.

101 540 106 548 ”
166 526 229 579 Et
252 532 355 595 quia
387 527 480 577 hoc
509 527 742 593 exemplar
776 528 918 575 erata
953 527 1087 574 nobis
1116 526 1249 575 valde
1281 535 1527 591 remotum,
1556 529 1664 580 ideo

94 605 242 658 horno
266 608 373 657 fieri·
393 606 558 670 voluit,
599 614 648 656 ut
678 605 945 655 hominibus
979 604 1231 655 humanum
1265 607 1500 672 exemplar
1533 615 1666 674 prae-

91 686 240 738 beret.

162 761 274 814 Hoc
310 763 547 831 exemplar
566 759 769 814 Praelatis
795 759 1028 822 Ecclesiae‚
1052 771 1101 813 ut
1121 765 1448 829 superioribus,
1480 767 1664 831 princi-

11 868 16 880 ·
90 843 250 910 paliter
268 844 535 894 imitandum
554 845 837 910 proponitur.
851 843 1130 909 Exemplum
1143 844 1250 892 dedi
1267 845 1418 905 vobis,
1439 852 1488 893 ut
1503 864 1664 910 quem-

89 922 367 981 admodum,
397 931 486 972 elc.
508 919 647 971 Joan.
685 919 762 970 15.

100 1028 103 1032 ,
155 994 434 1047 Secundario
457 1002 567 1047 vero
603 999 689 1061 ipsi
716 994 914 1057 praelati,
949 997 1162 1063 exemplo
1201 995 1373 1048 Christi
1407 998 1655 1064 informati,

87 1084 405 1141 proponuntur
430 1076 663 1140 exemplar
703 1079 808 1125 vitae
844 1076 1059 1125 subditis:
1106 1078 1281 1125 Forma
1296 1074 1434 1139 facti
1474 1083 1646 1142 gregis,

83 1151 256 1205 LPetr.
268 1153 440 1205 ultime.
469 1154 532 1203 Ut
545 1156 848 1218 nosmetipsos
855 1152 1063 1215 formam
1077 1156 1311 1219 daremus,
1323 1166 1411 1209 etc.
1430 1176 1453 1207 r
1464 1155 1660 1213 .Thess.

86 1227 136 1280 3.
159 1226 271 1280 Hic.
297 1230 327 1279 I
328 1230 566 1279 mz'lalorcs
587 1228 683 1278 mel
698 1238 857 1291 estote,
882 1240 971 1280 ete.

155 1303 366 1359 Felicem
395 1308 518 1359 illum
540 1306 811 1370 Pastorem,
845 1311 920 1374 qui
950 1307 1120 1359 Christi
1140 1313 1426 1362 sanctitatem
1450 1314 1653 1378 indutus,

82 1387 194 1435 vere
212 1385 363 1437 dicere
387 1394 567 1452 potest:
592 1387 860 1435 [metatores
880 1385 975 1434 mcz⁴
990 1395 1151 1445 estote,
1177 1396 1268 1438 etc.

102 1480 107 1506 2
154 1459 359 1515 Felicem
394 1464 518 1514 illurn
549 1482 755 1531 gregem,
796 1466 867 1515 cui
898 1461 1068 1514 Christi
1114 1462 1311 1515 Domini
1351 1469 1655 1532 sanctitatem,

57 1586 61 1587 γ
85 1541 134 1592 in
158 1560 242 1593 suo
263 1551 460 1610 pastore,
486 1544 806 1609 exemplariter
825 1546 985 1594 intueri
1010 1544 1138 1594 licet!

153 1610 210 1668 Ῠ.
248 1637 296 1668 2.
326 1619 486 1667 Laudo
511 1628 668 1667 autem
700 1638 799 1670 vos.
816 1655 830 1669 .
846 1655 860 1671 .
879 1657 891 1669 .

17 1752 23 1757 Ι
151 1690 339 1744 Transit
369 1696 426 1744 ad
464 1696 830 1758 reformationes,
873 1697 930 1746 de
968 1698 1130 1764 quibus
1172 1701 1219 1747 in
1261 1697 1460 1766 analysi:
1484 1710 1531 1751 et
1566 1718 1651 1766 pro

43 1818 50 1821 e
82 1788 165 1823 suo
188 1789 332 1835 more,
351 1771 437 1823 hac
451 1775 581 1824 brevi
599 1773 748 1836 laude,
771 1769 1118 1824 Corinthiorum
1134 1775 1509 1827 benevolentiam
1529 1781 1653 1844 prius

82 1858 291 1916 occupat,
317 1861 367 1902 ut
396 1854 690 1903 correctionis
719 1853 932 1903 duritiem
957 1857 1175 1919 tantisper
1194 1854 1408 1905 emolliat.

156 1932 318 1981 Laudo
354 1951 456 1993 vos,
488 1937 654 2001 inquit,
695 1935 816 2002 quod
846 1939 1113 2001 peremnia
1153 1922 1250 1985 ηιεῖ
1282 1955 1504 1987 memores
1534 1940 1655 1991 sitis.

81 1999 209 2059 ‚Vide
246 2003 521 2073 Paraphras.

150 2079 273 2132 Haec
305 2083 397 2134 laus
426 2086 484 2135 de
522 2087 663 2136 bonis'
686 2095 733 2138 et
759 2087 1122 2155 perfectioribuS‚
1160 2089 1310 2156 quales
1343 2098 1471 2140 erant.
1502 2090 1648 2153 multi,

79 2161 402 2230 intelligenda3
434 2165 500 2217 sic
537 2177 690 2219 autem
727 2171 1004 2222 cordatiores
1042 2171 1209 2234 laudat,
1248 2180 1298 2222 ut
1337 2181 1383 2223 et
1416 2173 1526 2223 alios
1564 2171 1654 2222 hac

78 2240 214 2292 laude
240 2251 460 2306 provocet
483 2244 540 2294 ad
562 2246 853 2297 traditionum
882 2249 1238 2300 observantiam.

148 2316 245 2368 Hic
266 2329 429 2372 notant
447 2327 589 2373 sancti
609 2321 790 2388 Patres,
812 2323 1169 2394 Chrysostomus
1186 2337 1230 2379 et
1256 2329 1348 2394 alii,
1375 2330 1498 2398 quod
1516 2328 1659 2380 multa

76 2397 180 2445 sine
200 2399 370 2463 scripto
395 2401 662 2452 tradiderint
684 2401 919 2470 Apostoli,
948 2413 995 2456 et
1021 2423 1121 2472 quae
1146 2414 1296 2458 tamen
1327 2418 1454 2460 erant
1484 2422 1667 2459 neces-->

71 2477 194 2524 sario
219 2477 421 2527 tenenda

143 2547 203 2614 Ϋ.
226 2553 275 2608 3.
300 2556 418 2607 Volo
442 2566 599 2610 aretem
628 2578 712 2612 vos
730 2562 861 2614 scire.
881 2598 893 2614 .
909 2598 924 2615 .
