1760 3210
135 43 172 96 8
484 57 668 93 Panum
695 33 955 110 erim-omn
970 59 1044 109 An
1067 59 1379 112 comm-,mos
1727 0 1760 94 ξ

136 128 191 184 in
221 129 390 186 nostri
429 131 559 184 Jesu
600 125 838 182 Christi:
827 140 918 182 ·ut
951 111 1185 198 idipsum
1210 128 1392 188 dicatis
1417 152 1638 203 omnes,
1665 145 1719 191 et
1740 161 1757 195 21

134 238 247 275 non
281 217 381 273 sint
415 216 472 272 in
507 214 658 272 vobis
685 215 1013 273 schismata:
1047 217 1157 275 sitis
1192 231 1372 277 autem
1405 221 1677 289 perfecti
1656 245 1717 280 1n
1755 218 1757 222 ¹

135 307 329 365 eodem
355 325 515 361 sensu
533 345 548 370 ‚
574 302 700 381 etin
721 305 911 360 eadem
932 305 1210 382 sententia.
1295 320 1297 329 '

211 429 290 459 ιι.
321 401 688 474 Significatum
725 414 803 458 est
844 402 989 460 enim
1027 402 1161 459 mihi
1201 404 1266 460 de
1307 403 1488 474 vobis,
1526 405 1716 464 fratres

135 492 272 562 mei,
301 492 367 548 ab
390 491 457 549 iis
493 490 584 563 qui
616 503 740 548 sunt
772 491 995 561 Chloes,
1030 493 1156 564 quia
1191 495 1560 553 contentiones
1591 507 1717 554 sunt

132 579 274 635 inter
297 600 407 636 vos.
1645 633 1654 639 .
1703 632 1752 661 ,Γ

210 689 295 734 12.'·
329 675 454 732 Hoc
493 688 671 733 autem
713 676 872 746 dien,
900 677 1046 747 quod
1087 678 1451 750 unusquisque
1484 672 1752 739 vestrum?

138 764 267 823 dicit
306 766 456 840 :Ego
495 767 713 837 quidem
746 789 866 824 sum
905 766 1071 824 Pauli
1095 793 1106 823 :
1132 769 1258 843 Ego
1278 781 1458 826 autem
1489 771 1754 841 Apolloz&

53 860 55 862 ’
139 858 255 929 Ego
276 861 404 913 vero
427 856 619 928 Cephae
639 883 651 913 ε
673 857 791 929 Ego*
818 869 996 914 autem
1024 857 1233 916 Christi.

208 1010 288 1073 ¹3,-
312 1003 520 1073 Divisus
546 1017 625 1062 est
672 1004 950 1072 Christus?
976 1005 1252 1074 Numquid
1276 1004 1483 1063 Paulus
1528 988 1712 1064 cruci·
1738 982 1751 1066 ¹.

136 1095 275 1151 fixus
296 1105 371 1150 est
388 1114 487 1165 pro
500 1092 647 1150 vobis
665 1099 789 1151 ?aut
803 1093 861 1149 in
879 1092 1096 1150 nomine
1117 1093 1277 1150 Pauli
1295 1093 1543 1165 baptizati
1558 1095 1712 1154 estis?
1740 1108 1760 1141 ὲ·

212 1422 292 1485 ι4.
320 1413 540 1472 Gratias
562 1434 660 1488 ago
680 1417 825 1481 Deo,
852 1413 998 1485 quod
1023 1403 1293 1471 neminem
1320 1417 1553 1476 vestrum
1573 1417 1713 1491 bap-

132 1505 320 1576 tizavi,
340 1504 439 1562 nisi
463 1503 718 1574 Crispum
739 1516 791 1560 et
811 1504 1038 1560 Caium.

209 1599 290 1651 15.
306 1595 392 1650 Ne
407 1591 523 1663 quis
541 1589 678 1647 dicat
700 1590 877 1661 quod
864 1613 919 1646 in
935 1575 1151 1647 nomine
1171 1613 1293 1649 meo
1304 1589 1568 1663 baptizati
1579 1593 1760 1685 estis,

208 1756 287 1809 16.
310 1750 581 1825 Baptizavi
609 1762 787 1807 autem
807 1762 860 1806 et
878 1748 1159 1821 Stephanae
1183 1750 1405 1809 domum
1429 1776 1443 1805 =
1470 1758 1720 1827 caeterum
1739 1807 1760 1832 ³;

132 1842 317 1901 nescio
345 1841 390 1900 si
419 1865 580 1914 quem
599 1841 768 1898 alium
796 1840 1190 1912 baptizaverim.

209 1940 457 2013 17.Non
501 1941 663 1998 enim
681 1939 828 1998 misit
867 1961 954 1996 me
1002 1939 1248 1998 Christus
1286 1940 1613 2012 baptizare,
1607 1928 1724 2000 sed

135 2006 522 2105 evangelizare:
543 2032 728 2088 nonin
743 2030 1007 2101 sapientia
1025 2029 1204 2123 verbi,
1231 2043 1288 2085 ut
1305 2051 1416 2086 non
1437 2042 1753 2088 evacuetur

135 2139 264 2176 crux
289 2118 511 2176 Christi.

176 2229 179 2232 ,
1719 2208 1760 2240 Kx]

211 2271 291 2324 18.
321 2267 563 2323 Verbum
587 2265 731 2322 enim
756 2265 925 2323 crucis
942 2308 955 2334 ‚
980 2263 1321 2338 pereuntibus
1341 2264 1559 2336 quidem
1586 2263 1760 2321 stul-v*

137 2355 256 2412 titia
279 2367 391 2413 est:
417 2354 484 2412 iis
518 2366 698 2411 autem
722 2353 813 2425 qui
837 2352 986 2411 salvi
993 2355 1161 2421 fiunt,
1184 2353 1239 2407 id
1273 2364 1380 2422 est,
1413 2350 1595 2420 nobis,
1617 2351 1721 2454 ffli

95 2503 97 2505 ,
133 2442 302 2500 virtus
323 2454 418 2499 est.

1640 2532 1643 2541 ·
1687 2527 1691 2530 ”
1746 2522 1760 2552 Ξ

211 2609 290 2660 ¹9·
310 2585 581 2656 Scriptum
604 2596 684 2641 est
705 2583 886 2639 enim.
917 2581 1143 2639 Perdam
1167 2577 1484 2650 sapientiam
1505 2577 1719 2672 sapian-

131 2673 297 2743 tium,
321 2687 374 2731 et
402 2674 742 2747 prudentiam
771 2670 1112 2741 prudentium
1135 2668 1453 2742 reprobabo,
1637 2707 1640 2709 -
1735 2657 1760 2713 ¹

359 2776 364 2782 .
1583 2764 1629 2781 2..
1737 2752 1760 2788 u

1692 2835 1760 2884 *fi

1674 2900 1693 2940 J
