1760 3210
125 159 254 209 stolis
276 167 322 210 et
343 177 502 210 eorum
527 163 574 210 in
613 163 871 216 sacerdotio
899 171 1240 219 successoribus
1265 164 1401 232 dicit,
1428 176 1704 227 utnotatum

64 309 67 311 .
120 243 189 285 est
225 239 270 286 in
302 254 437 287 veisu
466 239 784 306 praecedenti,
813 252 860 293 et
882 252 929 294 ut
957 239 1228 319 Concilium
1249 244 1609 302 Tridentinuni
1599 260 1702 316 ιζ-

121 313 272 377 plicat.
297 313 420 367 Sess.
444 337 524 368 22.
546 336 585 368 c.
614 337 657 370 1.

191 397 252 444 In
278 412 428 447 meam
459 404 962 455 commemorat1‘.onem
990 403 1044 456 Id
1065 409 1321 474 ,inquam‚
1343 407 1510 476 facite,
1534 411 1584 461 in
1604 409 1719 466 mest

124 493 208 542 pro
226 477 360 528 vobis
383 483 548 530 mortui
570 485 860 534 mernoiiam.

125 66 231 120 286
452 86 639 122 PRIMAE
675 86 933 127 amsa-omn
967 91 1040 128 Ao
1078 92 1402 134 comm-mos
1713 0 1760 293 ἒ

453 599 880 638 OBSERVATIO
923 605 1342 644 noGMA'rICA.

193 697 319 751 Hoec
343 708 564 754 memoria
590 706 695 755 reali
716 700 886 757 Christi
907 712 1168 772 praeseniiae
1185 727 1281 758 non
1297 712 1461 760 obstat.
1484 707 1696 762 Christus
1754 740 1760 745 „

125 782 324 830 enimin
351 781 441 831 hoc
472 780 768 834 sacramento
808 788 879 834 sm
910 789 1050 850 ipsius
1088 786 1355 836 memoriale
1389 795 1483 844 est;
1511 790 1628 837 sicut
1650 790 1703 837 in

127 861 252 910 coelis
274 858 480 912 Christus
501 873 731 932 stygmata
762 883 1061 929 conservans,
1084 883 1181 916 suae
1216 868 1439 933 passionis
1473 875 1740 918 aeternum

127 946 194 987 est
221 941 502 991 memotlale.
1738 950 1742 955 ’

191 1013 285 1065 Sed
310 1022 336 1067 ὲ
365 1021 522 1067 contra
541 1020 693 1068 omnia
722 1020 928 1071 indicant
951 1020 1051 1072 liaec
1080 1025 1104 1071 a
1124 1018 1187 1073 D.
1218 1019 1364 1072 Paulo
1384 1020 1545 1082 relata,
1578 1023 1701 1074 sim-
1752 1040 1760 1079 3

124 1092 302 1159 pliciter
317 1105 364 1144 et
389 1095 447 1144 ad
475 1095 663 1147 litteram
679 1115 781 1149 esse
805 1100 1112 1166 intelligenda,
1127 1108 1172 1151 et
1193 1109 1527 1167 consequenter
1540 1105 1700 1152 omnia
1740 1111 1760 1159 Α

121 1187 206 1236 pro
233 1171 338 1220 reali
366 1169 537 1223 Christi
564 1180 802 1240 praesentia
830 1182 1742 1243 pugnant.

192 1243 251 1298 Id
282 1251 436 1301 volunt
459 1261 656 1318 tempus,
669 1263 825 1316 status,
846 1255 1048 1323 qualitas,
1066 1259 1209 1320 actio,
1224 1256 1449 1318 voluntas,
1472 1261 1694 1321 potestas,

55 1331 60 1334 ⁷
121 1331 219 1394 ipsa
243 1332 384 1380 verba
411 1329 596 1382 Christi.
929 1351 932 1355 ·

187 1404 420 1472 Tempus,
449 1411 497 1458 in
520 1429 611 1474 qua
649 1419 785 1458 nocte
809 1413 1100 1471 tradebatur,
1125 1415 1321 1478 cumque
1349 1418 1548 1468 moriem
1566 1428 1698 1480 prae-
1740 1411 1743 1415 ⁷

118 1490 298 1531 sentem
325 1484 542 1544 haberet,
578 1487 654 1534 ubi
678 1489 815 1552 tropis
837 1487 982 1536 nullus
1003 1490 1156 1539 utitur.

189 1562 357 1627 Status,
373 1568 416 1615 in
438 1585 558 1634 quo,
577 1570 701 1632 quasi
723 1572 1214 1633 pateramaniissimus,
1234 1571 1415 1634 jamjam
1427 1571 1695 1631 moriturus,
1743 1587 1760 1634 ς,

123 1660 254 1692 suurn
277 1649 601 1715 testamentum
630 1647 816 1705 condit3
844 1648 888 1695 in
915 1665 1004 1712 quo
1028 1647 1287 1713 simplicitas
1310 1655 1355 1698 et
1385 1647 1558 1707 claritas
1580 1663 1695 1696 ma·
1756 1643 1760 1681 ²³

117 1727 246 1774 xime
267 1729 566 1792 requiruntur,
592 1738 634 1777 et
663 1731 708 1777 in
733 1746 824 1795 quo
846 1747 982 1779 nemo
1005 1732 1186 1794 sapiens
1202 1737 1349 1778 utetur
1368 1728 1540 1794 figuriS,
1566 1729 1696 1777 i'ma'-

116 1807 297 1870 ginem,
324 1824 370 1855 v,
391 1825 434 1872 g.
454 1807 611 1872 lapidis
635 1811 821 1874 pretiosi
846 1809 1012 1874 legans,
1033 1827 1115 1875 pro
1138 1811 1240 1873 ipso
1262 1807 1410 1873 lapide
1439 1809 1659 1872 pretioso.

189 1881 414 1945 Qualitas,
440 1887 544 1932 curn
570 1882 795 1934 Mediator
822 1883 904 1934 Dei
923 1895 968 1935 et
990 1884 1228 1934 hominum
1247 1918 1262 1944 ‚
1287 1883 1435 1932 l'oedus
1468 1883 1696 1932 aeternuni

116 1962 297 2023 statuit,
319 1963 363 2009 in
387 1976 480 2025 quo
507 1962 619 2011 clare
636 1999 649 2022 ,
673 1980 767 2012 non
787 1963 972 2028 figurate
989 1962 1286 2029 loquendum.

191 2036 296 2104 Ipsa
325 2044 471 2102 actio,
503 2045 603 2090 curn
632 2038 715 2090 ba(
721 2051 972 2090 ramentum
1011 2042 1263 2090 maximum
1283 2076 1297 2101 ,
1343 2046 1388 2088 et:
1421 2035 1695 2087 sacrificium

122 2138 222 2186 aug
225 2123 491 2170 istissimurn
506 2139 678 2188 ,usque
695 2122 750 2170 ad
773 2102 915 2170 {inem
938 2119 1094 2169 mundi
1117 2119 1377 2167 duraturum
1385 2117 1691 2177 ,instituitur3

122 2216 169 2248 ln
194 2199 361 2262 quibus
379 2204 685 2266 aequivocatio
705 2203 815 2249 tanti
837 2207 930 2248 erat
954 2197 1135 2264 periculi
1163 2203 1206 2245 et
1226 2197 1466 2245 mon‘lenti.

181 2275 434 2337 Voluntas,
463 2283 568 2328 cum
594 2278 653 2327 iil
645 2296 710 2327 ios
729 2295 835 2327 suos
860 2276 1179 2325 ardentissimo
1201 2274 1485 2339 prosequitur
1504 2285 1693 2331 amore,

109 2358 269 2422 eisque
288 2360 544 2407 maximum
570 2356 664 2405 vult
701 2357 905 2417 bonum,
952 2353 1077 2419 quod
1108 2355 1282 2417 possit:
1306 2353 1413 2399 ciem
1442 2346 1689 2397 dilexisset

120 2453 259 2486 suoffls·
285 2454 366 2484 m
375 2433 533 2499 finem
554 2435 720 2482 delexit
745 2453 838 2483 eos.

191 2508 433 2574 Potestas,
458 2514 607 2561 sciens
635 2514 744 2576 quia
763 2515 795 2560 ὰ
822 2514 914 2561 Deo
935 2511 1100 2569 exivit,
1125 2517 1169 2558 ec
1199 2508 1266 2557 ad
1289 2508 1445 2557 Deum
1471 2499 1624 2564 vadit,
1651 2510 1703 2551 et

123 2596 286 2641 omnia
313 2593 455 2639 Pater
479 2610 519 2639 ει
547 2592 716 2639 dedit'
696 2610 744 2639 ιη
767 2608 968 2648 monus,·
993 2591 1145 2639 omnia
1166 2593 1334 2653 potest.

193 2673 298 2740 Ipsa
332 2674 532 2739 denique
555 2675 723 2735 verba,
754 2674 974 2740 simplicia
995 2681 1039 2723 et
1061 2666 1176 2721 clara
1192 2709 1207 2735 ,
1232 2665 1408 2735 hisque:
1425 2664 1703 2732 supradictis

124 2752 470 2815 respondentia.
936 2816 939 2817 ⁷

191 2827 444 2894 Simplicia,
473 2827 619 2894 qualia
646 2839 749 2879 sunt
779 2827 934 2880 Patris
959 2829 1141 2892 jamjam
1178 2827 1385 2877 morituri
1402 2863 1418 2892 ‚
1443 2824 1563 2876 titios
1585 2837 1702 2872 suos

123 2909 423 2977 alloquentis,
452 2929 678 2981 suumque
701 2919 1025 2965 testamentum
1054 2910 1318 2963 condentis-

1733 2605 1760 3210 ψει-4...-
1734 1840 1760 2581 -....-„—d—n-a—-.·—ns-—„..›-..-...a...”.a-”-—
1757 1744 1760 1746 .
