1760 3210
129 65 230 120 262
466 80 655 117 PRJMAE
679 81 932 120 Evis‘rotffi
955 84 1027 121 An
1051 86 1365 125 con-iu‘rfflos

202 177 285 210 20.
319 147 772 207 Convenientibus
808 170 934 223 ergo
971 153 1126 211 vobis
1151 153 1210 211 in
1231 177 1432 226 unum,
1461 157 1573 228 iam
1593 178 1707 215 non

131 253 208 299 est
230 238 580 297 Dominicam
605 259 813 296 coenam
839 242 1185 299 manducare.

195 355 280 387 21.
321 329 710 400 Unusquisque
733 329 877 387 enim
916 353 1071 389 suam
1107 353 1311 390 coenam
1341 334 1612 404 praesumit
1633 336 1705 392 ad
1756 327 1760 355 ³

123 418 578 476 manducandum.
613 422 681 476 Et
706 419 840 478 alius
865 420 1083 491 quidem
1122 425 1306 493 esurit,
1342 423 1479 482 alius
1521 436 1703 482 autem
1724 438 1727 440 ’

122 508 300 566 ebrius
322 521 418 566 est.

194 672 279 703 22.
303 648 578 719 Numquid
599 648 789 707 domos
810 672 921 708 non
944 648 1148 709 habetis
1171 652 1242 708 ad
1262 652 1699 709 manducandum

122 747 173 792 et
214 734 543 792 bibendum
533 743 554 778 Ρ
585 739 699 794 Aut
740 738 1035 795 Ecclesiam
1074 738 1181 795 Dei
1211 738 1595 796 contemnitis?
1628 738 1700 795 Et

123 822 444 879 confunditis
469 845 559 880 eos
585 825 675 894 qui
702 847 813 881 non
838 825 1070 882 habent.
1054 825 1080 865 '¹'
1123 825 1276 901 Quid
1319 824 1492 930 dicam
1514 826 1701 883 vohis?

124 909 316 967 Laudo
340 910 511 969 νοεῬ·
499 934 549 968 1n
574 909 676 968 hoc
698 934 810 969 non
837 913 1017 969 laude.

194 1502 276 1552 23.
306 1497 420 1568 Ego
443 1495 588 1551 enim
607 1493 802 1564 *accepi
829 1498 858 1549 a
879 1491 1112 1549 Domino
1141 1490 1285 1562 quod
1302 1501 1354 1547 et
1377 1488 1573 1546 tradidi
1595 1508 1702 1544 vo-

120 1580 233 1650 bis,
258 1581 511 1652 quoniam
536 1582 810 1639 Dominus
835 1580 1053 1638 Jesusin
1074 1601 1179 1651 qua
1198 1590 1355 1636 nocte
1377 1577 1700 1644 tradebatur,

121 1673 329 1744 accepit
349 1693 536 1744 panem
551 1716 568 1743 ‚
676 1742 679 1744 ‚
1047 1683 1073 1711 Α

197 1822 278 1883 24.
298 1817 367 1871 Et
396 1819 589 1890 gratias
607 1835 764 1885 agens
793 1813 944 1887 fregit
963 1827 1012 1869 et
1031 1811 1160 1868 dixit
1183 1837 1197 1868 t
1221 1809 1462 1889 Accipite
1481 1822 1532 1866 et
1545 1827 1701 1864 man-
1745 1805 1760 1873 f

122 1905 313 1960 ducate
341 1931 352 1960 :
375 1904 476 1960 hoc
500 1916 576 1961 est
599 1925 793 1974 corpus
820 1924 999 1959 meum
1016 1945 1032 1971 ‚
1054 1900 1198 1971 quod
1225 1920 1322 1969 pro
1345 1895 1498 1955 vobis
1515 1895 1720 1975 trade-h
1755 1911 1760 1949 51

120 2005 206 2049 tur
229 1992 360 2050 :hoc
390 1991 546 2048 facite
569 1991 628 2047 in
650 2012 828 2047 meam
850 1985 1437 2047 commemorationem.

195 2143 276 2194 25.
297 2137 551 2194 Similiter
571 2149 622 2193 et
636 2137 856 2194 calicem
870 2180 884 2207 ,
903 2147 1180 2208 postquam
1209 2129 1450 2198 coenavit‚
1476 2128 1660 2185 dicens
1680 2149 1696 2180 z

124 2225 228 2282 Hic
254 2224 387 2280 calix
413 2247 616 2281 novum
652 2236 1025 2281 testamentum
1055 2234 1133 2279 est
1164 2221 1222 2277 in
1250 2241 1371 2275 meo
1407 2215 1662 2288 sanguine
1682 2235 1698 2268 ι

123 2320 243 2375 Hoc
271 2315 427 2370 facite
459 2314 895 2385 quotiescumque
921 2311 1137 2382 bibetis,
1173 2309 1229 2366 in
1250 2329 1427 2365 meam
1450 2327 1700 2364 comme-

120 2405 496 2462 morationem.

196 2537 275 2590 25.
303 2533 764 2607 Quotiescumque
783 2529 923 2587 enim
939 2528 1326 2586 manducabitis
1346 2549 1540 2599 panem
1557 2526 1701 2582 hunc

126 2636 177 2680 et
205 2622 426 2679 calicem
448 2620 671 2691 bibetis,
700 2632 928 2677 mortem
954 2617 1177 2676 Domini
1204 2615 1588 2674 annuntiabitis
1612 2616 1703 2674 do·
1757 2650 1760 2667 2

1684 2870 1686 2872 .
1744 2691 1760 2961 ἐ

124 2735 223 2768 nec
245 2711 439 2769 veniat
