1760 3210
431 44 666 106 ‘mirmur
685 39 979 103 2m0s11io.
1015 46 1134 115 Cap.
1167 47 1295 104 XII.
1549 45 1662 120 3052

445 212 702 253 Normm
728 211 798 248 An
830 179 1294 253 murmanis-ruma

18 405 22 422 τ
149 341 362 397 Advert'e
391 341 511 408 quod
536 341 741 408 plerique
763 337 1109 392 Corinthiorum
1129 336 1321 390 Ethnici
1345 346 1390 390 et
1416 339 1654 399 idolorum

11 431 18 446 ³
75 424 271 478 cultores
288 420 528 488 aliquando
559 418 765 477 fuerant;
806 427 1006 484 tuncque
1027 417 1278 468 murorum
1315 419 1498 483 curiosi,
1522 436 1652 487 saepe

73 508 237 572 saepius
252 503 311 553 ad
329 509 457 551 vates
486 501 660 560 ierant,
688 500 765 564 qui
787 497 920 547 idolis
948 498 1152 548 aderant.

145 595 367 646 viderant
387 608 494 654 ergo
516 598 626 640 tunc
655 592 908 656 saepissime
934 586 1182 655 Pythones
1206 597 1252 640 et
1275 587 1596 655 Pythonissas.

9 738 13 742 ἱ
141 669 246 721 Imb
269 672 371 716 cum
406 665 463 714 ad
496 684 575 718 er
609 668 835 717 scriberet
860 661 1022 716 Divus
1049 662 1242 729 Paulus,
1267 663 1476 717 Corinthi
1513 676 1644 721 erant

7 755 20 810 j
69 748 199 817 multi
220 744 398 797 Satanae
421 747 605 807 spiritu
595 744 763 810 afflati,
792 748 869 811 qui
891 743 1036 840 sutura
1060 746 1387 812 praedicebant,
1412 750 1644 815 variisque

69 814 369 893 loquebantur
385 825 561 888 linguis.

138 910 364 962 Poterant
394 918 546 960 autem
574 908 836 970 hujusmodi
873 907 1174 969 divinatores,
1215 916 1262 959 et
1290 910 1643 975 praestigiatores

67 990 270 1042 fidelium
287 989 477 1036 coetibus
492 988 739 1050 interesse,
765 994 811 1035 et
836 1002 915 1034 eos
937 986 1215 1049 perturbare.

136 1073 265 1126 Hinc
289 1071 354 1122 D.
388 1069 639 1135 Apostolus
663 1069 925 1121 Corinthios
961 1071 1120 1122 volens
1143 1071 1201 1121 de
1226 1075 1531 1139 spiritualibus
1552 1075 1638 1124 in·-

65 1166 263 1216 struere,
298 1164 402 1204 ante
427 1155 579 1202 omnia
603 1155 909 1200 necessarium
934 1153 1124 1214 judicat,
1162 1154 1352 1203 brevem
1387 1163 1432 1205 et
1454 1154 1639 1206 facilem

67 1236 134 1284 eis
156 1241 311 1284 notam
340 1230 475 1292 dare,
511 1226 598 1292 qua
631 1226 808 1275 ass-laios
836 1230 861 1273 a
891 1223 1060 1289 Spiritu
1090 1235 1247 1275 sancto
1277 1227 1536 1278 discernant
1568 1230 1635 1279 ab

63 1306 227 1359 afflatis
248 1311 274 1356 a
295 1306 491 1369 maligno
508 1305 684 1367 spiritu.
708 1298 846 1350 Nunc
860 1300 915 1348 ad
940 1308 1131 1349 textum.

132 1395 274 1441 Scitis
295 1390 415 1457 quod
439 1391 540 1437 cum
558 1383 804 1434 idololatrae
829 1384 1015 1444 essetis,
1042 1389 1148 1430 tunc
1160 1390 1298 1446 prout
1315 1362 1636 1436 ιιῖιιεεόιινηιίιῐ..7

64 1469 247 1523 Scilicet
271 1487 349 1520 seu
374 1465 524 1515 vestra
549 1463 828 1517 curiositate,
857 1457 936 1509 seu
960 1460 1146 1507 aliorum
1176 1459 1391 1524 exemplo
1409 1469 1454 1510 et
1487 1461 1632 1524 prava

64 1549 395 1601 consuetudine
412 1583 425 1608 ‚
455 1561 534 1592 seu
560 1543 697 1606 ipsius
716 1538 879 1587 diaboli
895 1538 1182 1602 suggestione
1204 1537 1310 1583 acti.

131 1638 216 1687 Ad
225 1636 481 1685 simulacra
503 1638 632 1678 muta
647 1663 663 1686 ,
693 1626 751 1675 de
772 1627 932 1689 quibus
966 1625 1181 1688 scripturn
1199 1628 1292 1668 est:
1319 1620 1384 1668 Os
1419 1620 1625 1684 habent,

58 1727 106 1767 ol
124 1736 216 1767 non
235 1717 497 1780 loquuntur.

130 1804 320 1852 Euntes.
343 1795 513 1861 Supple
541 1793 696 1851 eratis,
718 1788 764 1837 id
788 1796 879 1847 est,
901 1785 1077 1835 assidue
1100 1791 1143 1832 et
1166 1782 1592 1846 fiequenteribatis.

129 1886 322 1940 Vidistis
342 1901 448 1948 ergo
478 1889 615 1942 tunc,
622 1881 753 1926 sicut
773 1883 817 1924 et
831 1890 953 1922 nunc
979 1871 1143 1919 videtis
1165 1873 1286 1933 saepe
1307 1865 1553 1932 Pythones
1573 1886 1627 1928 et

4 1990 12 2006 ··
53 1966 393 2035 Pythonissas,
438 1961 578 2010 futura
626 1955 762 2003 multa
794 1951 1120 2018 praedicentOS,
1161 1949 1296 1997 variis
1337 1946 1505 2010 lnguis
1539 1948 1626 1997 10-

56 2053 249 2113 quentes
265 2081 277 2105 ,
307 2043 548 2108 praestigias
566 2034 802 2086 nonnullas
825 2036 1078 2096 oper-antes

125 2127 183 2187 Ῠ.
214 2133 260 2183 3.
293 2133 417 2181 Ideo.
449 2127 626 2178 Scilicet
664 2126 765 2189 quia
795 2119 997 2176 vidistis,
1030 2122 1072 2164 et
1103 2114 1305 2179 quotidie
1327 2114 1493 2164 videtis
1515 2136 1527 2165 ε
1553 2134 1628 2168 ne

53 2211 338 2264 confundatis
361 2227 440 2259 eos
466 2224 568 2257 curn
591 2202 749 2252 afflatis
768 2204 791 2248 a
812 2197 975 2262 Spiritu
1015 2202 1200 2254 sancto,
1228 2193 1311 2242 sed
1336 2201 1383 2242 ut
1413 2196 1622 2247 breviter

54 2300 101 2342 et
125 2290 252 2341 facile
273 2289 536 2339 discernatis
552 2286 658 2333 vere
679 2290 724 2330 et
753 2282 906 2328 sancte
929 2275 1127 2331 asssatos;
1440 2258 1455 2274 ’

121 2382 302 2432 Notum
325 2373 630 2439 vobisfocio‚
661 2370 783 2434 quod
802 2384 938 2416 nemo
963 2382 1042 2428 per
1060 2361 1276 2427 Spiritum
1291 2361 1382 2412 Dei
1400 2363 1622 2428 loquens,‘

0 2481 20 2494 ⁷*
49 2478 129 2512 seu
158 2463 182 2508 a
220 2457 386 2508 Sancto
414 2451 579 2518 Spiritu
610 2446 809 2505 afflatus,
838 2445 951 2492 dicit
976 2441 1233 2489 anathema
1261 2441 1407 2497 ,Iesu-5
1439 2443 1490 2490 id
1509 2453 1576 2493 est
1594 2480 1619 2507 ,

50 2538 279 2590 maledicit.
300 2533 330 2585 J
337 2553 443 2592 esu
474 2527 754 2592 blasphemat
778 2526 823 2572 in
846 2520 1023 2571 Jesum.

123 2622 384 2676 Anatbema
418 2618 578 2683 dicitur
604 2631 674 2663 ies
701 2608 988 2671 exsecrabilis
1013 2613 1057 2654 et
1081 2602 1452 2654 extetminanda:
1481 2607 1621 2668 igitur

51 2701 296 2755 anathema
313 2699 492 2758 dicere,
513 2702 579 2743 est
600 2708 697 2740 iem
725 2687 978 2744 exseciaii,
1004 2680 1292 2740 maledicere,
1320 2686 1364 2728 et
1387 2683 1624 2731 extermi—

48 2778 245 2830 nandam
267 2774 572 2840 pronuntiare.

116 2861 179 2916 Et
198 2861 322 2931 quod
347 2878 480 2910 nemo
499 2865 648 2924 potest
678 2852 936 2905 Dominum
963 2840 1126 2898 Jesum
1153 2862 1255 2896 cum
1277 2845 1430 2897 debita
1456 2864 1618 2900 vene-
