1760 3210
100 66 202 133 282
453 81 631 123 pamm
661 85 920 129 ensi-om
943 91 1016 129 An
1038 72 1348 132 coum-nixos
1434 125 1436 127 ,

171 158 341 212 Mirare
380 169 534 213 tamen
575 162 782 216 divinam
823 167 877 216 in
893 165 985 218 hoe
1020 166 1142 218 sacto
1172 165 1556 235 Providentiam,
1586 163 1725 244 quast*¹

99 239 362 306 factumest
382 248 430 289 ut
451 244 567 292 sient
590 246 618 292 a
647 241 778 294 Divo
805 242 973 308 Petm,
999 246 1127 297 velut
1159 256 1320 316 quarto
1342 245 1639 317 Evangelista
1657 294 1676 321 ‚
1718 246 1725 257 '

100 318 291 368 relatum
314 318 394 368 suit
418 319 523 369 illud
548 319 697 372 Patris
721 327 875 374 aeterni
903 324 962 374 de
983 322 1170 376 Christo
1207 331 1554 382 testimonium:
1578 335 1681 384 Hic
1736 379 1738 381 ,

103 402 173 443 est
190 394 345 442 Filius
368 412 496 445 meus
522 393 784 451 dilectum...
806 399 932 465 quod
956 410 1044 450 tres
1057 397 1367 467 Evangelistae
1381 407 1681 472 scripserant:
1736 390 1742 398 η’

103 471 166 518 ita
189 476 234 517 et
255 472 279 517 a
309 465 373 520 D.
418 467 594 533 Paulo,
639 477 764 539 quasi
789 484 944 541 quarto
977 471 1300 542 Evangelista,
1347 480 1684 534 describeretur
1730 499 1732 501 ·

103 549 404 598 sanctissimae
425 545 722 602 Eucharistiae
734 554 980 617 institutio,‘
999 571 1135 620 quam
1160 562 1252 606 tres
1273 545 1582 622 Evangelistae
1601 576 1685 611 re·-

104 624 336 675 tuterunt:
361 627 499 694 idque
538 638 725 696 propter
760 632 992 697 utriusque
1027 635 1267 699 mysterii,
1311 631 1680 697 Incarnationis,
1738 642 1747 657 Γ

102 702 277 754 scilicet
291 742 307 775 ,⁷
328 713 371 755 et
393 709 690 756 sanctissimae
720 704 1020 757 Eucharistiae
1035 744 1050 770 ,
1070 724 1172 773 quae
1192 708 1306 758 illius
1326 717 1398 761 est:
1435 713 1649 761 extensio
1663 746 1681 774 ,
1755 718 1760 766 ’ς

110 783 483 851 praecellentiam.

185 862 313 927 Quia
343 865 569 912 Dominus
586 863 740 925 Jesus,
771 867 820 911 in
844 883 936 929 qua
955 872 1142 912 nocte...
1161 858 1339 926 Accepi
1356 864 1488 928 igitur
1503 864 1563 914 ab
1586 866 1689 930 ipso
1731 860 1738 874 s

107 933 322 990 Domino
341 978 355 1003 ‚
386 941 508 1006 quod
529 945 576 990 in
595 959 648 990 ea
673 944 773 1005 ipsa
800 946 965 1001 nocte,
990 942 1036 988 in
1057 957 1144 1005 qua
1183 938 1443 990 tradebatur
1462 940 1523 991 ad
1543 957 1688 993 ‚mor-
1733 1001 1739 1007 ι

110 1024 207 1066 tem
225 1054 238 1075 ,
266 1022 462 1084 comque
485 1035 608 1068 mors
630 1021 671 1069 ei
696 1035 896 1085 praesens
917 1026 1054 1070 esset.

185 1091 232 1144 Ο
258 1096 481 1146 immensa
504 1096 725 1148 charitas!
750 1101 855 1147 ciun
880 1096 1064 1147 traditur
1082 1093 1139 1146 ad
1154 1105 1371 1162 mortem,
1387 1098 1689 1163 semetipsum
1733 1123 1736 1127 ·

113 1168 249 1220 tradit
273 1187 353 1235 per
375 1188 599 1223 amorem.

182 1246 379 1312 Accepit
407 1266 597 1312 panem.
634 1243 1057 1300 Scilicettriticenm
1092 1258 1137 1300 et
1158 1266 1395 1315 azymum.
1421 1245 1542 1311 Quia
1561 1247 1691 1310 juxta

39 1338 43 1341 '
108 1318 174 1376 D.
200 1321 500 1391 Matthaeum‚
528 1326 736 1378 Marcum
762 1337 809 1378 et
843 1327 1046 1390 Lucam,
1073 1330 1219 1394 prima
1248 1327 1319 1376 die
1336 1342 1610 1395 azymorum
1630 1324 1691 1376 ad

110 1422 374 1471 vesperam.
926 1412 936 1419 ’

179 1481 261 1533 Ab
284 1484 370 1534 hac
385 1493 536 1552 antem
553 1501 744 1549 vespera
760 1484 979 1535 inclusive
1000 1502 1082 1550 per
1102 1492 1282 1550 septem
1303 1483 1402 1533 dies
1420 1489 1688 1548 sequenteS,

115 1577 212 1611 non
246 1561 411 1612 licebat
432 1560 606 1612 Judaeis
628 1562 714 1612 alio
740 1579 861 1628 pane
881 1565 944 1613 uti
960 1600 975 1627 ‚
1013 1565 1149 1628 quam
1176 1578 1359 1628 azyme.
1382 1558 1505 1614 Vide
1530 1556 1691 1610 Exod.

114 1658 198 1691 12.
230 1641 309 1692 15.
1142 1656 1144 1658 ’

176 1717 307 1769 Hinc
328 1720 554 1770 credimus
578 1715 810 1769 Christum
839 1720 887 1767 in
913 1735 1076 1786 azymo
1101 1712 1407 1767 consecuisse.

177 1793 328 1848 Graeci
354 1803 494 1859 verb,
519 1797 704 1862 decepti
729 1796 837 1846 salsa
857 1794 995 1846 Joan.
1042 1794 1118 1845 18.
1156 1793 1235 1845 28.
1275 1791 1683 1858 interpretatione,

103 1885 264 1941 putant
290 1876 414 1941 quod
436 1873 644 1926 Christus
667 1872 846 1924 Pascha
867 1873 1107 1924 celebrarit
1129 1891 1222 1922 uno
1243 1872 1318 1922 die
1339 1879 1446 1921 ante
1461 1866 1492 1918 J
1499 1867 1684 1931 udaeos,
1734 1867 1735 1870 ’

108 1973 190 2005 seu
215 1963 321 2004 ante
342 1955 464 2004 diem
485 1952 613 2018 Lege
634 1961 861 2003 statutam.
882 1950 1011 2001 Hinc
1035 1954 1080 2000 in
1103 1950 1373 2000 fermentato
1399 1941 1691 1997 consecrant.
1730 1962 1735 1966 ·

188 2029 258 2095 ss.
285 2033 369 2094 24.
397 2034 460 2081 Et
479 2035 666 2095 gratias
698 2050 857 2095 agens.
878 2028 1059 2080 Scilicet
1078 2026 1186 2079 Deo
1211 2025 1353 2078 Patri.
1373 2023 1456 2076 Ab
1474 2013 1689 2088 hac‘gra-

108 2112 273 2166 tiarum
298 2114 480 2161 actione
503 2111 665 2160 dicitur
694 2107 998 2175 Eucharistia.
1265 2131 1272 2139 ·

182 2188 389 2241 Ecclesia
407 2193 453 2240 in
467 2206 641 2240 canone
663 2187 816 2238 addit:
846 2188 906 2236 Et
921 2186 1105 2234 elevatis
1125 2184 1271 2233 oculis
1295 2184 1344 2245 in
1368 2176 1688 2243 coelum.Quia
1715 2210 1734 2229 .·

109 2267 198 2321 Chi
210 2273 319 2320 istus
333 2287 552 2334 magnum
568 2267 677 2335 quid
691 2274 885 2328 acturus,
904 2263 1058 2315 oculos
1075 2267 1121 2314 in
1139 2262 1305 2313 coelum
1321 2260 1499 2310 solebat
1514 2258 1688 2311 levare.
1734 2319 1735 2322 Ἴ

104 2343 273 2400 Matth.
307 2348 386 2412 143
413 2345 550 2397 Joan.
584 2364 662 2396 11.
1732 2338 1735 2339 ⁷

180 2423 331 2488 Addit
368 2437 505 2486 etiam
547 2432 806 2483 benedixit.
835 2429 979 2494 Quod
1013 2447 1073 2480 ex
1111 2425 1173 2478 D.
1195 2423 1418 2475 Matthaeo
1450 2429 1498 2472 et
1526 2418 1690 2472 Marco

109 2515 320 2579 sumpsit.
338 2509 400 2562 Et
422 2514 584 2561 merito
603 2510 891 2574 distinguitur
906 2506 1169 2557 benedictio
1184 2507 1209 2553 a
1225 2504 1468 2568 gratiarum
1487 2501 1689 2550 actione.

109 2590 231 2642 Haec
251 2593 376 2642 enim
401 2587 556 2640 Deum
578 2590 792 2653 respicit,
818 2589 887 2636 cui
908 2587 1052 2650 agitur
1078 2584 1218 2647 gratia
1231 2598 1250 2629 :v
1263 2579 1335 2629 illa
1358 2581 1470 2627 vero
1496 2584 1690 2628 creatu-

102 2687 200 2720 ram
219 2708 232 2731 ‚
274 2686 413 2735 super
450 2686 588 2734 quarn
622 2666 711 2717 Dei
735 2668 877 2714 virtus
906 2681 986 2729 per
1017 2660 1397 2712 benedictionem
1434 2658 1690 2707 invocatur.
1716 2708 1719 2711 s

106 2747 238 2800 Hinc
260 2748 525 2799 benedictio
545 2745 759 2813 praecedit
775 2744 1186 2795 consecrationem.

179 2842 338 2906 Fregit
353 2843 400 2889 in
428 2839 673 2890 duodecim
694 2845 863 2903 partes.
886 2835 947 2884 Ει
962 2835 1087 2882 dixit
1109 2874 1118 2894 ,
1145 2830 1438 2884 distribuens,
1461 2825 1690 2878 Dixitau-

105 2929 203 2978 tem
222 2941 438 2982 sermone
465 2925 720 2989 operatorio
748 2929 791 2972 et
815 2921 862 2968 in
885 2919 1071 2968 instanti
1096 2914 1311 2968 efficienti
1326 2909 1451 2979 quod
1469 2909 1694 2989 enuntiat.
1734 2915 1736 2921 ’
