1760 3210
345 80 562 134 'rmutax
604 56 1247 127 Expos1T10.Cap.X1V.
1498 58 1602 126 357

71 153 308 237 Equidem
354 156 490 211 futuri
523 152 758 222 praedictio
787 152 845 202 ad
867 150 1157 217 prophetiam
1179 149 1416 214 pertinen
1441 146 1526 198 sed
1546 141 1596 202 el?

6 236 109 290 haec
136 240 272 288 etiam
291 231 376 287 tria
399 236 554 287 munia
578 234 788 284 obierunt
802 233 972 296 antiqui
991 228 1241 296 prophetae.

82 308 222 365 Hinc
250 317 385 366 etiarn
412 319 534 379 patet
562 310 684 379 quod
714 312 771 361 sit
795 310 1126 358 concionatoris
1169 323 1363 369 munuS,
1399 277 1604 365 fidelium
1687 330 1696 338 ’

34 396 258 461 pietatem
273 397 461 454 nutrire,
489 409 568 442 eos
591 390 648 450 ad
668 391 792 439 bona
815 404 952 453 opera
972 386 1199 447 hortari,
1187 403 1236 433 m
1258 387 1602 436 necessitatibus

11 471 182 536 solari,
188 471 438 539 hujusque
467 472 574 520 vitae
593 469 877 518 miseriarum
905 483 1036 516 usum
1073 464 1269 526 docere,
1305 463 1362 512 ad
1379 472 1599 514 aeternam

11 544 198 610 felicitat
216 567 291 601 em
313 546 679 616 promerendam.

0 679 3 699 Ι
84 620 244 689 Ratio,
270 627 343 678 his
367 622 548 677 duobus
567 626 779 675 versibus
807 629 1038 683 contenta,
1064 628 1214 687 potest
1247 622 1314 671 sic
1336 622 1384 670 in
1407 620 1601 680 formam

0 704 164 773 {redigi
195 704 399 757 :Utilius
446 714 514 757 est
560 703 714 771 Deum
763 703 897 754 simul
941 702 1225 767 glorificare,
1263 708 1309 750 et
1340 702 1602 765 proximum

18 783 283 843 aedificare,
307 787 444 850 quam
469 781 624 834 Deum
645 781 898 847 glorificare
927 782 1101 829 tantum
1122 798 1134 836 ;
1164 786 1207 826 at
1233 778 1310 841 qui
1335 776 1498 840 linguis
1521 774 1601 826 lo-

20 862 177 928 quitur
201 862 395 926 ignom,
419 857 577 910 Deum
616 859 801 926 quidem
835 858 1076 923 glorificat,
1103 857 1187 908 sed
1221 858 1484 923 proximum
1503 871 1601 905 non

25 938 224 989 aedificat
240 935 254 998 ’ς
280 942 354 1003 qui
371 944 482 990 vero
497 938 738 1006 prophetat
761 936 915 988 Deum
940 937 1176 1002 glorificat,
1193 946 1238 987 et
1259 938 1520 1002 proximum
1537 951 1601 992 aee

17 1015 170 1068 dificat
197 1037 210 1066 ι
238 1019 501 1082 ergoutilius
539 1026 608 1070 est
639 1017 941 1085 prophetare,
979 1022 1115 1085 quam
1136 1017 1300 1082 linguis
1342 1017 1599 1084 peregrinis

14 1095 143 1163 loqui
173 1105 372 1147 tantum.

85 1171 153 1238 57.
172 1176 219 1236 4.
243 1174 341 1240 Qui
361 1176 564 1240 loquttur
581 1174 802 1239 linguai...

93 1252 194 1317 Qui
214 1256 314 1317 ling
317 1253 378 1303 υά
397 1253 553 1320 ignota
572 1257 792 1320 quuitur,
822 1254 909 1303 sibi
931 1252 1014 1302 soli
1037 1250 1223 1319 prodest
1248 1253 1527 1315 devotione,
1556 1249 1604 1303 et

0 1327 184 1386 ,affectu
210 1349 301 1396 quo
327 1331 551 1398 loquitur,
584 1349 633 1380 se
666 1333 818 1380 solum
856 1329 1071 1395 oedfficat
1111 1347 1270 1380 eorum
1309 1327 1604 1394 intelligentia

11 1419 137 1472 *quae
156 1398 282 1459 dicit.

89 1484 318 1552 Loquitur
341 1485 418 1536 hic
438 1482 691 1551 Apostolus
721 1484 778 1535 de
802 1488 856 1536 iis
875 1522 888 1548 ‚
914 1487 991 1551 qui
1008 1487 1154 1535 sciunt
1178 1503 1279 1551 quae
1305 1485 1463 1537 dicunt
1482 1521 1497 1548 ‚
1516 1484 1601 1535 sed

18 1562 117 1631 aliis
137 1564 368 1629 explicare
387 1581 484 1614 non
507 1571 714 1629 possunt.
738 1560 800 1613 D.
821 1560 1204 1628 Chrysostornus.

99 1637 200 1703 Qui
220 1647 376 1701 aulem
394 1639 671 1704 prophetat,
707 1638 912 1689 fidelium
934 1646 1193 1695 conventus
1215 1639 1411 1690 aedificat
1428 1638 1603 1705 illisque

21 1715 228 1781 prodest.

93 1787 333 1852 Quantum
366 1798 518 1840 autem
550 1794 738 1841 interest
773 1793 892 1841 inter
925 1808 1070 1840 uuum
1093 1800 1138 1841 et
1160 1788 1447 1855 Ecclesiam,
1484 1799 1607 1843 tanta
1697 1818 1699 1820 “

21 1876 91 1920 est
110 1866 249 1932 hujus
273 1867 449 1918 etillius
470 1867 758 1919 differentia.
776 1866 923 1918 Divus
947 1866 1076 1935 Chry
1080 1878 1325 1919 sostomus.

94 1945 213 1999 Haec
234 1951 347 1998 ratio
378 1949 649 2013 quibusdam
673 1949 856 1999 videtur
877 1949 1037 1998 eadem
1059 1967 1160 2000 esse
1178 1968 1280 1999 eum
1299 1948 1602 2015 praecedenti,
1632 1979 1639 1991 ι

0 2024 230 2092 ἓὶΙΙίιιεᾳυε
253 2026 541 2113 paucioribus
567 2029 850 2090 resumptio;
893 2025 975 2074 sed
1005 2028 1041 2075 si
1065 2026 1187 2076 bene
1216 2025 1498 2087 attendatur,
1523 2023 1606 2074 alia

0 2093 9 2106 ”
44 2110 132 2164 est,
150 2110 194 2152 et
211 2101 646 2168 primaesuperaddit
661 2096 789 2166 quod
805 2101 1042 2168 prophetia
1065 2119 1160 2151 non
1174 2106 1349 2152 tantum
1369 2105 1425 2152 sit
1443 2102 1607 2159 homi-7

25 2171 166 2230 nibus
186 2179 305 2228 utilis
321 2217 334 2242 ‚
352 2179 434 2228 sed
448 2187 492 2229 et
507 2182 707 2229 maxime
725 2180 844 2229 utilis
863 2217 876 2242 ‚
899 2182 982 2228 toti
1003 2179 1173 2230 scilicet
1192 2179 1431 2229 hominum
1445 2182 1606 2239 coetui,

76 2251 151 2312 ,Ἃ
177 2261 226 2311 5.
252 2257 309 2307 V
304 2251 610 2310 olovaute‘m...
632 2258 808 2311 Obviat
833 2269 877 2311 et
898 2263 1093 2310 occurrit
1115 2260 1231 2311 falso
1263 2263 1605 2326 praemissorum

26 2331 309 2399 intellectui‚
342 2340 468 2403 quasi
491 2337 700 2388 dicer2et
1609 2387 1611 2390 Α

0 2403 17 2462 ἶ
94 2412 173 2465 Ne
199 2417 369 2480 putetis
406 2415 529 2480 quod
556 2413 661 2466 haec
698 2416 832 2466 vobis
875 2415 1108 2478 scribens,
1147 2414 1398 2480 linguarum
1431 2413 1605 2464 donum

0 2467 319 2556 ssflmprobem3
349 2493 555 2558 quinimo
582 2495 737 2560 magni
755 2492 871 2542 facio
892 2501 938 2542 et
961 2496 1178 2560 quantum
1199 2488 1258 2542 ad
1292 2509 1365 2542 me
1395 2495 1588 2555 attinet,

23 2568 168 2618 velim
191 2585 312 2635 eg0,
316 2573 375 2620 si
402 2567 509 2620 Deo
528 2570 742 2636 placeret,
764 2589 849 2621 vos
872 2588 1033 2620 omnes
1053 2570 1216 2635 linguis
1236 2570 1386 2635 loqui:
1403 2569 1486 2620 sed
1505 2568 1604 2620 haee

25 2645 135 2696 dico
153 2648 318 2708 vobis,
347 2656 396 2698 ut
422 2648 675 2714 intelligatis
697 2648 819 2715 quod
848 2649 987 2712 magis
1009 2655 1165 2714 optare
1188 2647 1422 2712 debeam,
1454 2650 1603 2698 nimi-

2 2737 130 2771 rum
153 2722 410 2789 prophetiae
436 2725 640 2787 donum,
664 2734 712 2776 ut
740 2746 781 2777 1.
807 2744 943 2777 versu
965 2726 1077 2777 dixi.

7 2787 65 2870 ’
96 2806 230 2856 Nom
258 2807 415 2871 major
430 2817 548 2861 est..
583 2810 630 2860 id
650 2819 749 2872 est,
781 2813 884 2878 quia
908 2809 1086 2874 utilior,
1110 2819 1156 2861 et
1190 2808 1294 2861 ideo
1319 2810 1499 2876 dignior
1532 2816 1600 2860 est

27 2897 109 2952 qut
100 2882 397 2950 prophetat
426 2887 698 2954 ignarosque
723 2886 883 2950 docet,
919 2889 1060 2953 quom
1100 2891 1179 2955 qui
1206 2888 1377 2952 linguis
1398 2888 1600 2938 externis
