1760 3210
448 47 683 86 :rmum
707 47 999 86 nxrosmo.
1028 32 1164 99 Cap.
1205 33 1300 85 IX.
1566 33 1668 85 2215

0 146 3 156 ’
41 126 58 163 1²
80 131 259 183 imis
274 129 349 196 qui
371 129 420 178 in
442 143 596 186 cursu,
626 131 701 174 aut
716 123 911 189 pugilatu
932 131 1104 186 certat,
1130 142 1210 190 per
1231 125 1387 174 omnia
1405 96 1670 188 temperans

2 175 37 263 {fl
77 214 203 268 'esu
229 209 437 256 obsonet
463 204 524 254 ab
542 205 790 266 omnibvs,
815 219 919 269 quae
938 205 1061 252 vires
1084 212 1158 253 aut
1181 203 1472 254 velocitatem
1492 217 1669 301 corpo·-

4 294 33 340 ..ἑ
81 301 169 335 ms
169 292 370 350 possent
389 284 620 343 minuere,
639 297 838 346 eumque
864 283 913 331 in
938 295 1085 346 agone
1103 280 1350 346 impedire.

4 366 26 426 ,ᾗ
169 362 422 416 Servabant
442 363 867 427 temperatissimam
887 360 1033 410 vietus
1060 363 1312 422 rationem,
1334 360 1621 409 abstine—ntes·
1640 359 1670 406 ὲ

21 441 25 446 ’
99 444 362 510 superfluis,
384 451 446 494 met
460 441 798 492 delicatioribus
833 443 974 502 cibis,
1008 443 1210 498 contenti
1242 438 1366 491 certo
1396 438 1595 505 quodam
1614 453 1669 487 ac

101 524 350 586 demenso,
379 542 458 597 sgu
478 526 735 574 necessario
757 527 893 574 victu.
914 522 1035 574 Vide
1060 521 1321 574 Cornelium
1343 524 1369 571 a
1391 519 1589 587 Lapide.

167 601 403 655 Abstinuit
428 621 599 654 venere
617 613 662 653 et
681 606 792 653 vino
814 642 822 664 ,
848 608 910 654 ait
932 601 1152 654 Horatius
1178 606 1375 654 citatusa
1399 599 1581 651 Groti04

166 679 232 728 Et
244 682 316 729 illi
327 683 507 748 quidem
522 717 540 742 ‚
559 690 610 730 ut
624 700 845 731 coronam
870 683 1265 748 corruptibilem...
1293 686 1670 730 momentaneam

97 773 152 807 ac
171 759 305 808 brevt
333 761 572 823 perituram
589 796 602 821 ,
627 776 686 810 ex
716 759 909 811 oleastro
927 799 941 824 ‚
971 769 1043 810 aut
1071 763 1226 826 picea,
1255 766 1328 808 aut
1353 757 1495 806 lauro.

168 836 274 886 Nos
290 846 444 885 autem
469 838 836 902 incorruptam...
861 836 1038 902 Quidni
1059 845 1108 888 et
1124 855 1207 887 nos
1223 831 1502 892 Christiani,
1524 841 1574 884 ut
1587 834 1670 884 im-

99 909 463 961 marcescibilem
488 919 531 962 et
553 919 769 962 aeternam
785 931 1000 963 coronam
1023 913 1272 964 habeamus
1292 951 1303 971 ,
1336 910 1669 978 abstinebimus

98 987 126 1035 a
143 986 322 1046 multis,
349 1005 606 1054 quanquam
633 990 782 1052 licitis,
806 993 993 1055 vimque
1017 993 1152 1041 nobis
1177 991 1413 1050 faciemus,
1432 996 1483 1038 ut
1499 988 1666 1053 aliqua,

99 1067 308 1132 quamvis
333 1064 558 1128 difficilia,
587 1084 831 1132 operemur
849 1070 907 1118 ad
931 1080 1156 1131 nostram,
1186 1078 1230 1119 et
1250 1068 1439 1117 aliorum
1462 1066 1673 1117 salutem.

165 1141 366 1194 Multum
389 1143 546 1207 dispar
564 1143 736 1203 donum
757 1155 824 1195 est
845 1184 858 1207 ,
884 1151 944 1197 ait
968 1145 1273 1197 Ambrosius:
1295 1164 1347 1197 ae
1366 1164 1448 1213 per
1466 1145 1558 1196 hoc
1576 1141 1672 1196 vult

99 1217 407 1286 diligentiores
423 1238 508 1271 nos
538 1240 638 1273 esse
666 1224 864 1287 debere,
892 1228 1054 1291 quibus
1073 1243 1169 1275 non
1190 1228 1379 1276 terrenis
1396 1233 1441 1275 et
1462 1239 1672 1275 marces-

100 1299 306 1349 nibilibus
331 1299 522 1350 floribus
540 1339 554 1363 ‚
578 1302 660 1352 sed
686 1307 867 1352 aeternis
913 1314 1118 1354 conserta
1141 1308 1366 1369 gemmiS‚
1398 1306 1446 1353 in
1477 1302 1670 1353 modum

77 1374 257 1439 regalis
285 1376 579 1440 diadematES,
609 1380 845 1445 spiritualis
868 1399 1033 1431 corona
1057 1390 1278 1432 servatur.
1302 1380 1600 1431 Ambrosius.

163 1447 335 1501 Modus
365 1455 514 1520 itaque
538 1472 628 1520 quo
666 1459 893 1521 possimus
919 1456 1036 1507 hanc
1056 1456 1403 1523 apprehendere
1423 1473 1669 1522 eoronam,

96 1535 168 1579 est
207 1529 246 1576 si
286 1530 622 1592 abstineamus,
649 1535 685 1580 si
717 1535 812 1606 vim
842 1535 977 1583 nobis
1017 1534 1252 1595 faciamus,
1289 1537 1328 1583 si
1370 1551 1429 1583 ex
1453 1532 1669 1582 charitate

94 1608 409 1671 proximorum
433 1609 557 1658 Saluti
587 1610 870 1671 studeamus;
897 1617 1045 1678 eoque
1066 1613 1412 1681 libenti,s1s,quo
1431 1612 1670 1677 gloriosior

92 1688 228 1754 nobis
249 1705 415 1738 corona
439 1693 723 1757 proponitur.

163 1765 230 1829 fi.
253 1763 332 1816 26.
361 1768 461 1831 Ego
481 1770 622 1831 r’gt'tm
640 1772 708 1818 sic
726 1789 908 1820 curro...
929 1768 1105 1821 Rursus
1132 1790 1179 1822 se
1205 1775 1252 1822 in
1276 1772 1536 1838 exemplum
1557 1790 1668 1839 pro-

95 1845 254 1908 ponit,
279 1853 324 1895 et
348 1846 561 1913 exemplo
577 1865 659 1897 suo
682 1848 871 1899 modum
893 1852 1105 1902 currendi
1128 1852 1264 1903 docet.
1287 1862 1331 1903 et
1346 1852 1597 1918 pugnandi.

162 1921 508 1977 Stadiodromus
527 1965 540 1990 ‚
568 1947 646 1979 seu
682 1947 812 1980 cursu
844 1942 1020 1982 certans
1046 1937 1092 1983 in
1119 1935 1293 1999 stadio,
1333 1939 1409 2002 qui
1440 1935 1536 1984 vult
1556 1936 1665 1985 bra-

92 2007 217 2056 vium
242 2016 493 2071 reportare.
523 2027 616 2059 non
644 2011 828 2062 divertit
852 2016 895 2062 iu
921 2032 1048 2064 cursu
1069 2054 1079 2078 ‚
1105 2020 1227 2083 quasi
1250 2020 1324 2083 qui
1349 2017 1520 2081 nullum
1548 2033 1664 2067 sco-

91 2101 200 2153 pum
239 2085 404 2147 habet,
435 2089 518 2138 sed
550 2094 671 2140 recta
706 2095 840 2143 currit
874 2094 930 2143 ad
977 2105 1145 2146 metam
1187 2097 1482 2157 destinatam,
1511 2105 1561 2147 ut
1583 2096 1661 2147 ubi

89 2180 305 2214 coronam
326 2184 386 2216 ex
402 2160 526 2217 edito
548 2185 794 2235 appensam
813 2192 839 2234 ς
852 2180 895 2221 et
924 2176 1200 2224 certantibus
1226 2177 1506 2240 propositam
1521 2212 1535 2239 ,
1554 2191 1662 2225 cur-

89 2241 240 2292 rendo
264 2246 472 2295 manibus
496 2247 823 2313 apprehendat.

156 2319 256 2383 Ego
280 2323 420 2385 igitur
444 2341 572 2374 more
611 2325 1027 2378 stadiodromorum
1051 2331 1121 2378 sic
1149 2349 1283 2379 curro
1304 2331 1351 2380 in
1373 2326 1658 2396 Evangelico

86 2401 363 2464 ministerio,
388 2424 480 2453 non
501 2407 549 2453 ιή
571 2409 794 2457 incertum
812 2445 827 2468 ,
857 2409 946 2459 hue
970 2420 1012 2460 et
1039 2413 1139 2461 illue
1157 2451 1170 2474 ‚
1204 2415 1248 2461 in
1289 2413 1538 2479 quamlibet
1560 2430 1660 2480 par-

84 2488 210 2543 tem,
240 2482 322 2532 sed
343 2489 491 2547 recta,
518 2486 748 2551 celeriter,
783 2498 972 2556 totoque
1000 2495 1103 2542 nisu
1137 2481 1411 2542 tendens⁸ad
1428 2510 1620 2559 scopum
1639 2529 1655 2555 ,

85 2565 134 2607 ut
162 2576 377 2611 coronam
398 2567 652 2630 expositam
681 2567 1039 2632 apprehendam.

152 2633 244 2684 Sic
263 2657 415 2709 pugno
431 2677 446 2700 ‚
484 2661 576 2692 '1011
603 2647 739 2709 quasi
759 2663 911 2693 aerem
943 2649 1206 2698 verberans,
1229 2644 1312 2698 Gr.
1337 2642 1647 2711 πυκτεύωῦ,

82 2715 244 2775 pugnis
272 2730 382 2778 ago,
414 2720 624 2784 pugillum
645 2739 772 2772 more
800 2723 1001 2774 decerno

149 2786 191 2837 l
192 2797 348 2854 ycteS,
373 2809 453 2842 seu
478 2797 621 2860 pugil,
649 2817 801 2850 aerem
825 2818 946 2865 saepe
964 2802 1214 2853 verberat·
1202 2806 1323 2854 mani
1347 2807 1435 2855 ictu
1454 2841 1468 2867 ‚
1502 2812 1547 2856 et
1568 2806 1651 2855 in-

81 2879 208 2914 casso
232 2875 424 2929 conatu,
454 2887 590 2935 quem
617 2877 727 2923 vitat
744 2875 903 2926 adver
911 2880 1046 2930 arius.
