1760 3210
430 86 672 128 'rumix
683 71 1296 141 Expos1n0.00p.XV⁶
1561 77 1659 140 4η

85 171 340 216 monstratz
359 163 408 214 id
431 164 570 216 bene
579 165 759 244 notavit
789 159 1098 226 Ambrosius,
1128 172 1174 214 et
1199 169 1308 229 post
1336 176 1444 214 eum
1470 161 1522 217 S.
1545 163 1662 219 An-

86 241 287 373 ,δεζιιὸῗιῗῐ
306 308 403 361 adh
403 326 458 359 uc
471 256 762 371 hujusmodi
750 309 1037 373 insipientes,
1055 309 1131 374 qui
1149 323 1288 373 opera
1301 315 1469 369 naturae
1482 311 1665 375 vident,

78 393 141 438 et
151 387 282 438 altius
309 404 407 438 non
425 393 688 452 assurgunt,
711 384 770 437 ad
783 381 1043 450 Creatoris,
1063 385 1235 435 scilicet
1266 404 1318 436 ac
1342 389 1482 453 ipsius
1508 394 1662 454 gratiae

87 466 298 515 notitiam
321 465 332 514 l

113 546 119 551 '
157 540 290 592 Hinc
326 557 434 605 ergo
461 539 690 590 discamus
719 540 948 603 sapienter
977 536 1314 604 philosophari;
1355 556 1415 589 ex
1447 543 1667 606 operibus

89 628 284 681 naturae,
308 621 461 683 gratiae
481 616 694 667 miracuta
715 633 969 680 agnoscere
991 623 1034 665 et
1058 611 1276 665 revereri:

156 693 283 746 Sicut
301 711 364 744 ex
380 694 570 744 naturali
591 695 779 743 seminis
796 694 998 759 corrupti
1015 693 1364 754 reviviscentia‚
1392 703 1666 758 supernatu-

88 772 230 825 ralem
270 788 512 837 corporum
544 778 807 820 nostrorum
831 770 1224 820 resurrectionem
1248 768 1444 819 suturam
1477 775 1666 837 agnovit

89 848 360 917 ApostoiuS.

160 929 321 982 Sicut
310 947 356 985 m
390 929 725 996 pulchritudine
751 937 798 980 et
831 929 1040 980 decentia
1075 927 1280 996 corporis
1304 947 1366 980 ex
1387 947 1528 1021 grano
1555 949 1667 982 cor·-

93 1018 228 1078 rupto
261 1013 524 1072 nascentis,
562 1018 821 1060 sanctorum
856 1010 1188 1074 resurgentium
1223 1023 1491 1074 corpoream
1528 1012 1669 1063 etiam

95 1088 487 1157 pulchritudinem
511 1088 808 1139 demonstrat.

165 1165 291 1219 Sicut
313 1183 375 1216 ex
399 1170 579 1232 propria
601 1168 845 1232 unicuique
867 1182 1006 1229 grano
1031 1164 1179 1230 planta
1193 1201 1207 1226 ,
1234 1169 1466 1233 propriam
1487 1170 1671 1220 unicui·

98 1263 190 1314 que
208 1253 368 1294 saneto
391 1243 779 1307 pulchritudinem
797 1280 809 1301 ,
834 1245 957 1306 juxta
985 1244 1146 1291 merita
1167 1242 1465 1306 singulorum.

168 1315 229 1373 Ῠ.
252 1318 339 1387 39.
377 1319 492 1368 Non
521 1321 676 1367 omnis
710 1336 847 1380 care,
887 1318 1050 1365 codem
1089 1335 1247 1367 cum...
1271 1336 1353 1382 per
1378 1319 1483 1369 alias
1510 1321 1674 1373 multas

101 1397 473 1463 comparationes
507 1394 664 1444 claritis
685 1393 837 1443 adhuc
870 1392 1127 1443 manifestat
1157 1410 1398 1459 corporum
1423 1414 1675 1464 resurgem-

101 1479 216 1527 tium
238 1478 358 1525 inter
378 1490 428 1523 se
449 1475 649 1523 invicem
675 1471 999 1522 differentiam.

171 1552 305 1604 Licet
329 1555 458 1603 enim
476 1588 489 1610 ,
518 1560 566 1602 ut
589 1554 652 1602 ait
674 1549 738 1602 D.
767 1548 1135 1614 chrysostomus
1151 1585 1165 1609 ‚
1190 1553 1329 1601 etiam
1350 1554 1676 1605 intseminibus

101 1650 200 1683 non
227 1635 284 1682 sit
310 1649 428 1682 unus
462 1629 602 1690 ord0,
631 1630 716 1681 sed
737 1631 820 1691 alia
854 1632 944 1678 sint
970 1631 1278 1693 praestantiora
1301 1639 1347 1681 et
1375 1631 1641 1684 honestiora
1657 1671 1675 1697 2

102 1710 187 1760 alia
211 1715 326 1760 vero
349 1709 589 1759 deteriora.

110 1812 114 1844 3
164 1786 333 1848 Licet,
362 1789 574 1854 inquam,
601 1788 719 1836 inter
738 1786 884 1850 spicas
906 1784 1111 1850 quaedam
1128 1789 1184 1836 sit
1206 1787 1463 1839 differentia
1479 1827 1493 1848 ,
1517 1800 1562 1842 et
1582 1793 1679 1845 atiae

101 1869 198 1923 sint
221 1866 318 1916 aliis
339 1867 701 1934 praestantiores;
726 1864 812 1914 hac
837 1872 990 1914 tamen
1027 1863 1283 1919 differentia
1313 1885 1410 1917 non
1436 1876 1681 1927 contentus

106 1939 390 2013 Apostolum
420 1945 644 2006 majorem
670 1951 714 1993 et
734 1938 1096 1994 manifestiorem
1122 1944 1461 2014 exhibetinter
1482 1942 1682 2001 sancto-

107 2042 207 2075 rum
235 2026 443 2091 corpora.

178 2098 257 2152 Ne
278 2109 540 2167 putaremus
565 2119 673 2167 ergo
699 2101 821 2166 quod
850 2102 1005 2151 omnia
1029 2105 1361 2167 resurgentium
1390 2122 1579 2172 corpora
1597 2105 1681 2158 su-

109 2190 209 2232 tura
229 2186 321 2233 sint
350 2184 467 2232 inter
486 2199 535 2231 se
559 2182 617 2231 ad
642 2185 841 2233 invicem
865 2184 986 2247 paria
1003 2219 1017 2243 ‚
1048 2185 1162 2234 sicut
1193 2201 1357 2235 omnes
1385 2189 1524 2251 spicae
1548 2191 1682 2253 ejus„

108 2257 221 2309 dem
242 2261 414 2323 speciei
442 2257 537 2308 fere
565 2276 696 2325 pares
721 2267 826 2309 sunt
848 2265 894 2308 et
920 2258 1135 2323 aequales,

178 2333 275 2388 Sed
311 2340 424 2388 sicut
463 2337 752 2390 diversorum
780 2337 1039 2387 animalium
1065 2354 1169 2387 caro
1196 2337 1348 2389 dissert
1371 2357 1455 2407 pro
1475 2341 1686 2395 diversi-

108 2425 201 2469 tate
232 2415 548 2464 animantium.
575 2414 691 2462 Alia
722 2413 949 2478 siquidem
969 2450 982 2475 ‚
1008 2412 1055 2463 id
1078 2418 1175 2472 est,
1200 2413 1379 2469 alterius
1405 2415 1686 2477 conditionis

107 2502 156 2544 et
177 2491 485 2557 dispositionis
509 2497 575 2539 est
598 2509 708 2538 curo
735 2490 971 2554 hominis,
997 2490 1082 2540 alia
1109 2508 1212 2540 caro
1232 2492 1366 2543 bovis
1382 2530 1395 2556 ,
1421 2502 1510 2547 etc.

177 2568 246 2635 Ita
261 2587 363 2637 caro
380 2569 665 2620 diversorum
681 2567 922 2620 hominum
938 2570 1259 2622 immortalium
1274 2571 1456 2627 disseret
1470 2578 1517 2628 in
1539 2571 1685 2647 gioria

107 2668 195 2718 pro
214 2650 568 2716 uniuscujusque
590 2648 776 2700 diverso
800 2653 982 2702 merito.

178 2737 272 2790 Seu
289 2777 305 2800 ‚
328 2746 377 2788 ut
401 2741 462 2788 ait
485 2735 786 2799 Ambrosius,
829 2742 888 2788 ita
917 2728 1051 2790 tinius
1077 2743 1222 2791 carnis
1259 2740 1475 2796 homines
1510 2749 1682 2809 diversi

28 2851 34 2856 ν
108 2826 241 2870 erunt
263 2817 482 2883 dignitate
499 2853 513 2879 ‚
535 2819 583 2866 in
605 2820 954 2871 resurrectione.

172 2891 234 2959 Ῠ.
255 2900 336 2963 4ο.
359 2901 424 2950 Et
443 2918 634 2969 corpora
654 2904 908 2957 caelestia...
924 2913 969 2956 et
991 2909 1107 2956 sicut
1131 2906 1387 2959 coeiestium
1408 2926 1674 2984 corporum,
