1760 3210
143 60 246 139 3'24
471 89 643 127 vnum
679 89 930 130 ems‘rom
963 78 1038 132 Au
1044 65 1382 136 comm-mos

213 158 330 213 Non
357 169 452 212 tam
475 170 544 214 est
578 165 907 231 interrogati0‚
944 171 1083 235 quam
1117 172 1347 234 negatio.
1384 159 1715 257 interrogando

148 243 274 291 enim
298 249 452 304 negat.

216 314 356 368 Mens
379 320 531 382 itaque
550 314 764 385 Apostoli
786 327 853 369 est
877 319 1103 372 affirmare
1127 323 1186 375 de
1207 327 1403 392 mystico
1423 321 1652 395 Christi
1617 347 1720 390 cor-

148 413 292 461 pore,
343 396 467 462 quod
511 396 569 447 de
604 395 810 446 naturali
840 414 1030 463 corpore
1078 402 1223 466 dixit,
1269 408 1572 488 necessariam
1616 422 1722 458 esse

147 473 464 524 membrorum
490 483 532 524 et
560 459 786 526 donorum
806 475 1136 530 diversitatem.

217 543 277 597 Si
293 558 440 599 tolum
466 569 631 616 corpus
647 554 835 614 oculus,
865 556 947 603 ubi
965 556 1194 606 audaeus?
1217 553 1274 612 Ῠ.
1303 579 1318 609 ι
1334 577 1378 626 7.

219 625 270 679 Si
293 646 457 681 omnes
484 641 636 682 essent
661 629 899 698 Apostoli,
924 635 1003 684 ubi
1038 653 1196 686 eorum
1229 637 1471 705 discipuli?
1504 643 1542 691 si
1561 658 1725 726 omnes

153 705 366 756 doctores
385 709 796 769 ‚ubiaudientesi’
862 761 867 763 a

223 777 324 832 Sed
345 782 638 833 nihilominus
660 802 824 835 omnes
841 757 1067 850 aequaliter
1088 795 1193 838 sunt
1208 785 1386 840 Christi
1404 793 1644 879 membra,
1666 793 1728 844 de

154 855 325 909 Christi
345 878 566 928 corpore,
593 858 763 912 Christi
789 879 968 926 corpus.

224 936 408 989 Omnes
448 948 552 990 sunt
592 942 968 1003 commembreS,
1009 944 1217 992 membra
1260 939 1502 1010 connexa,
1545 949 1642 998 eta
1678 963 1731 998 se

157 1017 363 1066 invicem
393 1016 730 1083 dependentia3
765 1035 957 1085 quorum
979 1021 1342 1089 unumquodque
1365 1032 1520 1076 mutuo
1541 1024 1734 1077 aliorum

159 1098 329 1148 auxilio
349 1115 464 1165 opus
489 1098 648 1157 hab-et.

230 1177 354 1229 Haec
385 1188 538 1230 autem
577 1180 816 1241 dicuntur,
844 1187 892 1230 ut
929 1184 1238 1249 unusquisque
1272 1192 1354 1235 suo
1394 1185 1494 1235 loco
1515 1194 1561 1236 et
1582 1184 1735 1236 officio

160 1266 399 1308 contentus
417 1296 429 1319 ,
458 1276 541 1325 pro
565 1276 648 1308 suo
673 1257 799 1308 dono
826 1275 1072 1310 commune
1093 1260 1270 1310 bonum
1295 1258 1515 1314 Ecclesia
1538 1279 1734 1328 promo-

163 1355 274 1388 vere
293 1338 488 1390 studeat.

230 1404 288 1466 Ῠ.
313 1413 395 1465 31.
418 1415 738 1464 AEmulamini
760 1406 915 1462 aulem
938 1414 1283 1470 charismata..

231 1489 338 1556 Syr.
355 1491 479 1557 quod
499 1492 535 1539 si
551 1489 859 1541 zeloteneami
864 1494 911 1541 ni
927 1490 1154 1543 donorum
1172 1494 1467 1562 ampliomm,
1484 1511 1573 1562 ego
1586 1493 1738 1546 adhuc

165 1567 405 1618 ostendam
429 1569 566 1619 vobis
593 1569 718 1617 viam
743 1571 1116 1634 praestantiorem.

231 1640 404 1694 Sensus
427 1654 539 1695 est·
577 1647 793 1710 quoniam
813 1645 1085 1695 aemulamini
1106 1645 1405 1712 charismata,
1427 1647 1611 1721 studete
1636 1663 1738 1699 me·

164 1722 301 1785 liora,
324 1724 369 1773 id
394 1733 488 1784 est,
511 1721 737 1775 Ecclesiae
758 1724 934 1774 utiliora
957 1728 1195 1791 consequi.

235 1800 380 1853 Hunc
404 1820 590 1853 sensum
612 1801 973 1851 conditionatum
996 1799 1180 1866 praefert
1206 1798 1376 1852 Estius.

234 1875 330 1929 Alii
350 1877 638 1942 simpliciter;
668 1878 836 1938 zelate,
860 1877 908 1926 id
930 1886 998 1926 est
1014 1914 1027 1938 ‚
1052 1876 1332 1938 desiderate,
1353 1881 1378 1926 a
1403 1873 1512 1929 Deo
1539 1881 1746 1946 expetite

168 1976 264 2009 non
286 1960 455 2022 majora
474 1997 487 2022 ,
515 1959 599 2009 sed
623 1958 807 2009 meliora
825 1995 838 2019 ,
865 1957 912 2007 id
937 1965 1029 2018 est,
1066 1958 1243 2008 utiliora
1266 1959 1403 2009 vobis
1419 1967 1467 2010 et
1491 1955 1745 2022 Ecclesiae3

171 2038 232 2088 ad
258 2037 360 2088 haec
381 2040 610 2088 nitamini.

239 2115 304 2164 Et
322 2115 480 2163 adhuc
503 2115 925 2162 excellentiorem...
952 2112 1035 2163 sed
1056 2112 1269 2162 omnibus
1290 2110 1363 2162 his
1389 2115 1414 2161 a
1438 2130 1514 2163 me
1530 2098 1747 2164 enarratis

173 2190 546 2254 charismatibus,
570 2191 944 2242 excellentiorem
961 2192 1081 2239 viam
1100 2190 1283 2252 jamjam
1307 2191 1439 2239 vobis
1461 2183 1749 2242 demonstra·

171 2271 264 2332 bo,
294 2269 557 2320 charitatem
581 2269 775 2330 scilicet,
813 2284 917 2336 quae
940 2269 1021 2319 via
1044 2275 1112 2318 est
1136 2267 1194 2317 ad
1227 2264 1412 2331 Deum,
1434 2267 1493 2320 ad
1527 2269 1750 2333 sanctita-

175 2355 297 2408 tem,
325 2348 382 2400 ad
403 2348 588 2414 gloriam
613 2357 846 2398 aeternam.

198 2423 363 2477 Haec
385 2429 561 2477 caeteris
577 2427 709 2476 donis
730 2442 824 2475 non
843 2423 984 2475 modo
1002 2422 1249 2490 praecellit,
1270 2421 1355 2474 sed
1376 2430 1422 2473 et
1435 2425 1496 2473 ita
1509 2397 1579 2472 illa
1596 2424 1753 2473 onmia

174 2505 382 2574 perficit,
407 2515 454 2557 ut
473 2510 571 2557 sine
595 2506 666 2557 illa
690 2505 802 2556 nihil
820 2506 996 2571 prosint
1022 2503 1079 2552 ad
1097 2503 1306 2553 salutem.
1351 2516 1353 2518 “

245 2582 455 2637 Charitas
469 2589 550 2638 via
571 2586 753 2648 dicitur,
779 2587 883 2651 quia
920 2601 999 2648 per
1024 2582 1143 2632 illam
1166 2583 1422 2633 necessario
1446 2560 1756 2632 incedendum

178 2663 236 2713 ad
253 2667 459 2730 patriam,
474 2665 548 2717 vel
566 2669 591 2715 a
606 2682 748 2729 scopo
768 2662 1099 2714 aberrandum·
1122 2670 1165 2711 at
1189 2680 1270 2711 wa
1294 2661 1441 2727 regia,
1467 2659 1757 2722 communis,

182 2741 399 2793 omnibus
421 2753 602 2811 aperta,
631 2736 849 2793 omnibus
873 2742 1123 2807 proposita.

249 2828 533 2883 Charismata
572 2833 794 2900 aliquibus
827 2832 1017 2891 dantur,
1052 2827 1204 2879 multis
1226 2844 1322 2876 non
1347 2822 1540 2897 dantum
1567 2822 1760 2876 charitas

135 2969 137 2973 v
181 2912 398 2963 omnibus
427 2911 647 2974 offertur,
671 2914 806 2962 nobis
829 2912 1048 2978 perpetuo
1073 2915 1220 2976 potest
1240 2906 1416 2957 adesse
1471 2922 1474 2924 ’
