1760 3210
86 52 199 110 256
411 61 590 115 pamm
625 62 898 112 ssmsrom
933 62 1008 100 An
1040 43 1364 102 coum-turos

92 213 1669 242 ,--——————-—-————--——-———————÷———-1

550 328 924 384 Commentarius
943 333 991 382 in
1020 328 1137 400 Cap.
1163 351 1244 385 11.

135 474 691 592 ffi.1.IM1‘rATonEs
719 527 815 581 mei
837 541 1025 584 estote..
1045 529 1213 584 .Haec
1249 531 1393 583 verba
1425 498 1683 582 secundum
1747 474 1760 617 {i

88 628 283 665 sensum
304 611 536 677 pertinent
557 609 615 658 ad
638 610 905 676 praecedens
929 619 1079 677 caput.
1748 594 1760 675 l

94 687 231 755 ss.
254 690 337 741 33.
365 687 477 739 Dixi
512 687 635 755 quod
665 707 751 754 per
771 693 933 739 omnia
961 691 1180 739 omnibus
1198 690 1384 753 placeo,
1420 709 1517 740 non
1545 707 1689 757 quoe-
1753 679 1760 698 ξ

90 789 202 823 rens
224 768 348 837 quod
366 768 488 815 mihi
506 766 620 814 utile
639 776 759 818 est...
785 777 831 818 et
851 770 899 818 in
921 767 1016 816 hoc
1039 763 1279 817 Christum
1300 762 1555 815 Dominum
1569 768 1690 817 imi-

94 862 188 914 tor,
220 853 298 917 qui
322 867 400 900 sua
427 847 672 899 commoda
693 867 790 898 non
813 850 1043 917 quaesivit,
1072 846 1155 895 sed
1178 854 1383 895 nostram
1404 845 1617 897 salutem.
1750 907 1760 911 „

171 928 276 979 Met*
304 945 430 996 ergO,
458 924 671 992 Apostoli
701 930 861 988 vestri,
893 928 1151 976 imitatores
1186 935 1348 992 estole,
1369 928 1492 977 sicut
1512 936 1580 976 „et
1605 944 1695 992 ego
1749 942 1760 991 ξ

100 1004 284 1056 Christi
314 1004 507 1055 Domini
544 1004 746 1053 imitator
785 1021 907 1067 sum,
945 1006 1022 1069 qui
1058 1021 1161 1055 sese
1193 1005 1330 1055 nobis
1359 1004 1576 1067 infirmis,
1606 1021 1693 1070 per
1747 994 1760 1053 l

100 1085 261 1133 omnia
279 1079 663 1141 accommodavit,
688 1089 736 1130 ut
752 1099 838 1131 nos
862 1083 1032 1134 faceret
1052 1083 1201 1133 salvos
1222 1102 1232 1131 ε
1252 1086 1312 1133 ita
1331 1090 1376 1133 et
1396 1099 1483 1132 vos
1502 1082 1691 1133 fratrum
1755 1084 1760 1130 ζ

98 1165 365 1208 vestrorum
409 1154 616 1218 salutem,
645 1158 784 1208 etiarn
813 1175 919 1208 cum
951 1168 1207 1216 vestrorum
1234 1158 1473 1209 utilitatum
1508 1159 1694 1224 praejuff
1752 1185 1760 1213 ε

101 1238 247 1297 dicio,
282 1236 489 1301 quaerite.
1749 1216 1760 1283 l

54 1371 73 1387 .
138 1333 142 1338 ·
177 1313 388 1366 Christus
410 1308 554 1360 Filius
572 1308 664 1361 Dei
697 1329 780 1378 pro
810 1323 967 1365 nostra
988 1315 1129 1365 salute
1151 1319 1178 1365 ὲ
1198 1311 1323 1362 coelis
1344 1314 1393 1362 in
1414 1319 1582 1364 terram
1601 1314 1697 1366 de·-

99 1394 303 1455 scendit,
323 1410 406 1461 per
424 1395 604 1458 triginta
624 1401 715 1443 tres
736 1412 881 1444 annos
903 1393 1360 1457 laboravitssudavit,
1388 1393 1570 1444 tandem
1589 1413 1696 1446 cru-

102 1476 227 1540 cifigi
251 1474 460 1537 dignatus
483 1477 580 1520 est:
601 1479 647 1519 et
673 1470 766 1520 hoc
787 1476 843 1520 sit
873 1475 1082 1522 omnium
1104 1470 1402 1523 Praelatorum
1426 1463 1696 1540 eitemplar:
1732 1494 1738 1531 j

103 1553 234 1605 hunc
268 1552 522 1599 animarum
544 1547 693 1597 zelum
717 1551 964 1611 imitentur,
985 1559 1031 1601 et
1051 1551 1161 1601 dein
1182 1551 1380 1603 subditis
1402 1553 1495 1601 suis
1511 1551 1714 1603 dicant:
1740 1613 1742 1615 ‚

107 1633 384 1683 Imilulores
407 1626 502 1675 mel*
519 1636 679 1687 estote,
705 1631 829 1677 sicut
847 1639 891 1678 et
915 1649 996 1694 ego
1024 1630 1216 1683 Christi.
1751 1661 1760 1679 ι

149 1756 155 1760 .
183 1705 350 1760 ὃοὶἰᾶὲ
376 1713 506 1756 notat
530 1704 591 1756 D.
615 1703 846 1771 Thomas,
877 1708 1002 1774 quod
1029 1718 1187 1758 noster
1211 1705 1467 1773 Apostoltss
1486 1725 1585 1758 non
1610 1706 1700 1758 di-

109 1795 184 1837 cat
211 1785 506 1850 simpliciter:
533 1785 559 1832 1
563 1787 807 1836 mitulores
831 1786 925 1836 mez⁴
940 1796 1100 1848 estote,
1124 1787 1210 1837 sed
1239 1787 1384 1850 addit,
1408 1788 1598 1836 sicuaet
1616 1804 1704 1852 ego
1752 1802 1760 1839 i

117 1864 325 1917 Christi.
348 1865 353 1868 “

186 1944 310 2011 Quia
343 1946 534 2008 subditi,
564 1948 730 2012 inquit,
767 1944 987 1997 Praelatos
1023 1965 1128 1997 snos
1151 1948 1315 1997 imitari
1335 1963 1430 1997 non
1453 1944 1627 1996 debent
1652 1947 1703 1996 in

115 2017 352 2083 omnibus,
382 2022 466 2073 sed
495 2025 542 2072 in
569 2025 732 2087 quibus
759 2024 819 2073 illi
850 2021 1085 2074 Christum
1119 2027 1367 2086 imitantur,
1404 2026 1481 2090 qui
1515 2031 1584 2072 est
1618 2025 1707 2072 in·
1741 2015 1760 2098 ’ἐξ

121 2104 347 2156 deficiens
378 2105 631 2153 sanctitatis
660 2105 909 2170 exemplar.
1752 2103 1760 2123 ¹

194 2181 337 2246 Quod
359 2190 407 2230 nt
437 2181 599 2231 melius
626 2182 862 2248 intelligas,
889 2200 1082 2251 sequere
1112 2180 1291 2233 Divum
1323 2177 1582 2239 Thomam,
1627 2178 1704 2243 qui

116 2262 376 2314 sublimiter
396 2267 441 2309 et
459 2260 663 2325 angelice
686 2258 852 2311 ,Iesum
878 2259 1113 2311 Christum
1137 2259 1304 2312 Filium
1328 2257 1440 2322 Dei,
1471 2260 1519 2307 in
1541 2255 1707 2306 diver-
1742 2262 1755 2282 ’·

117 2357 173 2391 30
199 2346 319 2389 statu
345 2337 622 2398 considerat,
651 2347 697 2389 at
730 2356 912 2405 semper
943 2349 988 2390 et
1016 2341 1189 2406 ubique
1219 2338 1468 2403 exemplar.
1737 2278 1760 2507 J]

190 2416 259 2469 Ut
290 2415 500 2469 Verbum
539 2414 637 2470 Dei
671 2429 715 2470 et
738 2419 1029 2486 primordiale
1054 2422 1323 2486 principium
1347 2419 1485 2468 totius
1505 2428 1708 2480 proces-

118 2497 264 2547 sionis
294 2512 465 2557 rerum,
505 2513 588 2562 per
621 2498 747 2563 quod
788 2501 941 2548 omnia
976 2497 1093 2548 sacta
1133 2507 1267 2557 sunt;
1308 2504 1377 2547 est
1419 2488 1712 2562 primordiale
1751 2482 1760 2618 ’Ξ

116 2572 376 2639 exemplar,
411 2575 537 2640 quod
574 2594 740 2627 omnes
768 2585 989 2628 creaturae
1020 2580 1270 2641 imitantur,
1308 2584 1523 2641 tanquam
1549 2585 1739 2620 veram
1733 2633 1760 2651 4

120 2661 170 2703 et
207 2650 461 2718 perfectam
498 2655 748 2720 imaginem
786 2654 953 2707 Patris,
1752 2655 1760 2691 ³

187 2729 330 2782 Unde
353 2732 515 2783 dicitur
538 2733 996 2803 Coloss.1.Quiesl
1020 2756 1179 2801 imago
1200 2737 1296 2786 Dei
1310 2727 1572 2788 invasibilis,
1595 2728 1714 2795 prl'-
1755 2753 1760 2782 t

113 2814 377 2875 mogenitus
414 2817 569 2864 omnis
609 2824 871 2866 creaturae:
891 2817 1000 2883 quia
1026 2836 1076 2866 m
1117 2818 1217 2881 ipso
1243 2812 1431 2866 condita
1463 2816 1573 2862 sunt
1594 2806 1718 2870 uni-

124 2906 277 2944 sersa-
