1760 3210
106 33 208 96 434
431 39 617 78 PRIMAE
634 15 911 96 Erisronqss.
935 36 1003 73 An
1036 16 1335 74 commmos

105 134 255 173 more
280 113 347 169 sit
380 102 523 180 apud
543 128 636 164 vos
661 131 673 162 z
702 126 837 176 opus
855 104 1002 162 enim
1021 105 1236 163 Domini
1258 117 1510 176 operatur
1533 110 1672 166 sicut

115 215 170 258 et
189 192 326 274 egos
1578 201 1582 206 ’

185 359 206 388 ι
222 357 264 388 ι.
287 332 371 388 Ne
400 329 518 400 quis
542 348 666 400 ergo
690 327 844 382 illum
867 304 1109 396 spernam
1137 325 1378 382 deducite
1403 339 1585 397 auteur
1601 327 1674 382 il-

65 425 67 427 ’
113 419 226 474 lum
246 418 303 472 in
328 436 485 486 pace,
526 425 584 469 ut
607 413 785 469 veniat
820 412 887 468 ad
911 433 997 467 me
1037 435 1050 464 ε
1097 422 1312 480 expecto
1339 411 1483 468 enim
1517 412 1671 469 illum

120 526 240 560 cum
263 503 538 560 fratribus.-
794 499 798 504 ’
895 519 898 521 ’

178 677 256 707 12.
285 650 375 706 De
403 648 606 718 Apollo
647 659 831 702 autem·
858 647 1051 716 fratre,
1094 647 1244 703 vobis
1281 658 1470 702 notum
1506 645 1671 719 facio,

114 737 367 809 quoniam
394 735 623 792 multum
654 734 832 807 rogavi
859 755 980 789 eum
998 776 1013 803 ‚
1047 746 1105 788 ut
1124 734 1326 788 veniret
1344 734 1413 789 ad
1431 755 1526 790 vos
1549 754 1681 790 cum-

115 827 364 884 fratribus
381 868 394 892 ,
417 838 469 882 et
490 824 669 892 utique
691 843 802 879 non
822 822 920 877 fuit
939 821 1181 877 voluntas
1207 833 1264 875 ut
1280 837 1423 877 nunc
1447 821 1670 883 veniret3

125 915 299 971 veniet
322 925 526 981 autem,
554 916 669 967 cum
693 909 740 964 ei
765 929 991 964 vacuum
1016 908 1188 963 fuerit.

190 1041 270 1094 13.
293 1034 544 1107 Vigilate,
583 1044 713 1092 state
739 1030 796 1087 in
817 1031 953 1100 fide,
982 1030 1194 1090 viriliter
1215 1029 1354 1102 agite
1370 1042 1423 1086 et
1452 1031 1675 1087 confor—

130 1138 333 1180 tamml.

192 1273 271 1333 14.
300 1265 505 1321 Omnia
532 1275 698 1322 vestra
723 1263 781 1319 in
808 1263 1057 1321 charitate
1083 1265 1232 1320 fiant.

190 1357 270 1409 15.
289 1353 526 1410 Obsecro
550 1365 725 1408 autem
747 1373 867 1421 νος,
886 1353 1091 1417 fratres,
1119 1350 1284 1405 nostis
1311 1349 1531 1405 domum
1552 1352 1673 1407 Ste-
1699 1362 1703 1363 ⁷

116 1439 319 1508 phanee,
343 1452 393 1495 et
409 1440 701 1503 Fortunati,
722 1450 773 1494 et
791 1439 1027 1504 Achaici,
1049 1437 1302 1506 quoniam
1329 1449 1455 1492 sunt
1475 1437 1675 1506 primi-—

118 1529 205 1583 tiae
240 1526 486 1595 Achaiae,
516 1522 657 1581 etin
685 1524 1039 1581 ministerium
1065 1537 1368 1581 sanctorum
1393 1525 1679 1582 ordinave-

126 1623 249 1669 ru'nt
269 1613 490 1683 seipsos.
1209 1606 1213 1610 ⁴

197 1725 277 1778 16.
297 1721 376 1776 Ut
395 1710 447 1776 et
470 1740 563 1776 vos
591 1718 787 1776 subditi
805 1719 918 1776 sitis
942 1719 1208 1788 ejusmodi
1228 1731 1278 1775 et
1301 1720 1452 1776 omni
1482 1740 1686 1789 coope-

129 1807 267 1863 ranti
294 1818 346 1862 et
364 1806 650 1865 laboranti.

201 2019 279 2063 17.
302 1992 518 2048 Gaudeo
553 2002 730 2047 autem
752 1992 807 2047 in
833 1993 1109 2061 praesentia
1131 1990 1436 2060 Stephanae,
1466 2003 1517 2045 et
1539 1990 1683 2047 For-

127 2084 314 2150 tunati,
334 2091 386 2135 et
403 2077 659 2148 Achaici,
673 2079 925 2148 quoniam
946 2080 1001 2136 id
1021 2080 1163 2151 quod
1185 2076 1334 2136 vobis
1355 2078 1559 2148 deerat,
1583 2077 1683 2148 ipsi

127 2169 531 2239 suppleverunt.

200 2295 279 2347 18.
300 2290 624 2346 Refecerunt
644 2289 784 2345 enim
806 2301 856 2344 et
882 2309 1062 2362 meum
1082 2290 1322 2359 spiritum
1343 2302 1396 2346 et
1419 2300 1649 2347 vestrum
1672 2313 1684 2342 :

133 2380 430 2450 cognoscite
458 2398 581 2450 ergo
606 2378 698 2447 qui
719 2376 1026 2448 hujusmodi
1053 2390 1191 2435 sunt.

198 2592 280 2642 19.
301 2567 537 2625 Salutant
553 2590 646 2626 vos
679 2569 921 2628 Ecclesiae
942 2572 1072 2632 aliae.
1101 2574 1464 2632 Salutantvos
1493 2575 1552 2630 in
1570 2574 1688 2632 Do-

122 2658 270 2713 mino
293 2656 518 2713 multum
533 2657 731 2728 Aquila
744 2672 796 2715 et
821 2660 1090 2730 Priscilla,
1117 2685 1244 2720 cum
1279 2661 1568 2720 domestica
1593 2682 1691 2735 sua

119 2738 359 2806 Ecclesia
374 2786 389 2814 ‚
410 2746 554 2816 apud
575 2767 705 2816 quos
730 2759 780 2804 et
798 2747 1059 2820 hospitor.
