1760 3210
459 104 675 142 ‘rama-:x
703 103 996 142 Exposrno.
1041 87 1161 156 Ca'p.
1201 88 1331 155 XI„
1566 113 1669 162 271

97 197 206 232 sese
244 196 337 247 prae
357 179 589 230 modestia
610 177 791 236 velare3
823 180 886 227 ita
912 187 960 228 ut
983 182 1186 245 primum
1212 168 1476 249 capillorum
1511 181 1671 234 velum

83 261 142 309 sit
173 262 300 324 quasi
323 260 500 308 initium
515 256 704 307 secundi
729 255 969 306 velaminis
990 295 1002 319 ,
1025 258 1197 309 scilicet
1213 296 1226 318 ,
1247 259 1486 310 modestiae
1504 278 1517 309 ε
1533 259 1673 311 unde

78 337 223 388 insert
244 355 262 386 εν
283 334 334 388 Si
357 337 448 387 hoc
469 353 577 402 ergo
601 334 852 386 secundum
875 335 1059 398 abjicit,
1083 339 1263 402 abjiciat
1283 347 1330 388 et
1359 342 1577 404 primum.

152 428 210 476 Si
229 430 337 477 νει-ὸ
359 435 490 491 turpe
509 434 621 475 est..
639 421 834 487 .Quod
865 426 902 473 si
927 423 1262 476 dedecorosum
1294 437 1364 478 est
1402 429 1584 480 tonderi
1612 442 1672 507 et

83 505 182 557 radi
205 505 473 565 mulierem,
499 503 710 552 velamen
738 519 847 567 ergo
871 521 968 552 non
996 505 1193 567 abjiciat.

152 595 219 647 Ut
243 599 399 662 capitis
417 595 698 657 decalvatio,
727 598 794 645 sic
818 597 975 661 capitis
999 594 1227 660 detectio,
1265 600 1325 647 ait
1349 595 1412 648 D.
1442 595 1668 651 Athana·

81 671 194 723 sius'.
223 669 332 734 Quo
362 672 445 734 fit,
471 680 522 721 ut
554 674 591 721 si
627 674 783 737 capitis
805 675 1138 738 operimentum
1160 676 1386 726 sustulerit
1407 678 1595 741 mulier,
1616 687 1670 730 et

82 749 242 800 similis
265 752 307 800 ei
325 758 565 815 appareat,
590 767 693 816 quae
717 768 899 800 comam
926 748 1193 806 detraxerit.

152 831 386 884 Modestia
404 843 473 885 est
487 835 683 886 mulieris
708 836 862 887 decus,
884 830 1047 901 Itaque
1068 855 1172 888 sese
1194 839 1364 904 probro
1384 835 1530 890 afficit
1544 876 1560 900 ‚
1581 843 1669 892 nbi

83 913 358 965 modestiam
376 915 544 976 abjicit.
571 913 710 965 Hanc
732 934 840 981 ergo
860 926 1011 966 servet
1038 918 1235 983 ubique,
1259 936 1313 968 ac
1337 923 1595 986 praesertim
1615 922 1670 972 in

79 990 275 1040 ecclesia
290 1027 302 1051 ‚
336 993 382 1039 in
403 992 594 1057 publicis
616 995 794 1058 pietatis
816 995 1138 1045 conventibus.

151 1071 200 1124 Si
225 1073 460 1124 mulierem
483 1093 580 1124 non
603 1076 797 1126 velatam
822 1074 991 1127 Paulus
1023 1080 1287 1130 consideret
1309 1090 1358 1131 ut
1383 1081 1670 1131 decalvatam

83 1163 135 1207 et
175 1172 350 1211 rasam;
386 1157 550 1221 quibus
582 1156 722 1205 oculis
761 1160 1012 1207 intueretur
1036 1160 1324 1210 scandalosas
1364 1161 1668 1226 quarumdam

83 1242 338 1284 nostratum
357 1233 619 1282 nuditates?
641 1236 806 1297 quibus
822 1238 1102 1299 exprimeret
1122 1238 1277 1286 verbis
1300 1237 1518 1289 theatrica
1539 1238 1672 1288 mul-

84 1320 234 1363 tarum
256 1320 523 1362 ornamenta
540 1349 551 1369 ‚
586 1328 688 1376 quae
709 1329 853 1378 usque
876 1313 934 1361 ad
960 1330 1056 1362 aras
1085 1309 1326 1364 deferunt?

154 1395 321 1452 Eheu!
350 1401 477 1466 quasi
493 1399 734 1449 saltatrices
768 1408 813 1450 et
839 1403 1041 1463 comicae,
1074 1401 1285 1452 ecclesias
1320 1402 1668 1468 ingrediuntur,

83 1485 243 1536 minus
265 1483 586 1549 supplicaturae
603 1519 616 1543 ‚
652 1486 787 1549 quam
813 1480 917 1532 Deo
941 1485 1028 1549 ipsi
1056 1484 1351 1535 insultaturae.

155 1566 212 1629 ᾖ,
241 1587 288 1634 7.
317 1568 382 1615 V
361 1586 405 1616 lt·
429 1564 613 1633 quidem
633 1587 725 1616 non
747 1569 877 1616 debet
899 1569 1105 1619 velare...
1129 1569 1405 1633 quoniam...

158 1644 301 1697 Nova
325 1649 499 1696 ratione
529 1647 693 1712 probat
719 1646 878 1711 quod
865 1663 957 1708 jam
979 1649 1182 1694 asseruit

155 1721 243 1776 Vir
277 1731 346 1773 est
377 1725 527 1788 imago
552 1723 745 1788 gloriosa
771 1721 891 1781 Dei;
922 1740 1002 1772 seu
1039 1722 1208 1771 divinae
1242 1718 1499 1783 Maiestatis
1526 1719 1672 1771 essu!-

83 1804 264 1869 gentia
266 1810 319 1852 et
340 1802 605 1852 irradiatio:
633 1818 716 1850 suo
742 1801 955 1850 scilicet
943 1818 990 1849 m
1024 1799 1131 1848 alias
1169 1805 1419 1859 creaturaS‚
1448 1800 1587 1847 etiam
1618 1800 1675 1848 in

91 1883 373 1937 mulierem
361 1886 569 1949 imperio.
606 1879 693 1931 Est
732 1884 900 1948 quippe
939 1877 1037 1930 Dei
1078 1877 1317 1942 vicarius,
1359 1887 1404 1929 et
1441 1875 1532 1928 Dei
1562 1868 1678 1928 vice.

87 1961 309 2012 dominus
333 1969 651 2010 creaturarum

160 2035 289 2103 Ergo
308 2038 446 2088 velari
467 2042 561 2087 non
584 2036 750 2093 debetz
777 2052 872 2085 non
897 2039 1071 2086 tanturn
1099 2037 1201 2101 quia
1221 2033 1434 2083 velamen
1459 2033 1553 2084 hoc
1572 2050 1674 2084 suae

92 2116 402 2183 praejudicaret
427 2115 810 2179 praeeminentiae‚
837 2112 920 2162 sed
939 2115 1072 2162 etiam
1096 2112 1199 2176 quia
1219 2107 1307 2159 Dei
1325 2108 1469 2175 gloria
1486 2127 1584 2159 non
1598 2118 1677 2161 est

88 2190 365 2242 occultanda
383 2228 396 2251 ‚
422 2191 517 2239 ἰιῐιὸ
540 2188 891 2238 manifestanda.

161 2266 273 2319 Non
293 2270 436 2333 agitur
452 2266 529 2316 hic
550 2267 607 2316 de
630 2269 827 2331 imagine
849 2264 936 2315 Dei
950 2267 1126 2314 ratione
1147 2266 1317 2314 animae
1332 2300 1345 2326 ,
1374 2265 1497 2329 quia,
1519 2271 1567 2314 ut
1581 2265 1675 2328 sie,

74 2346 254 2397 ·mulier
278 2354 347 2396 est
370 2348 507 2396 etiam
527 2347 677 2409 imago
702 2343 807 2411 Dei.

165 2427 343 2475 Mulier
361 2434 518 2474 autem
534 2426 683 2488 gloria
706 2426 801 2474 viri
818 2431 903 2473 est.
924 2419 1049 2486 Ergo
1074 2421 1214 2471 velari
1235 2421 1394 2472 debet.

167 2499 224 2557 7.
246 2501 295 2553 8.
325 2501 436 2552 Non
458 2503 582 2550 enim
602 2503 680 2552 νιί·
692 2520 753 2550 ex
780 2502 1017 2550 muliere...

167 2586 344 2640 Probat
370 2589 608 2639 mulierem
633 2608 734 2640 esse
758 2590 943 2655 gloriam
972 2591 1087 2649 viri,
1125 2608 1166 2638 1.
1169 2590 1314 2654 ‘’quia
1338 2605 1396 2638 ex
1422 2584 1598 2638 Genes.
1623 2606 1678 2639 2.

99 2662 159 2720 Ῠ.
190 2686 274 2717 21.
261 2703 303 2729 .‚
324 2668 487 2718 mulier
505 2667 617 2717 facta
645 2677 713 2718 est
737 2685 796 2717 ex
813 2672 943 2724 viro;
968 2670 1122 2734 sicque
1146 2671 1217 2717 vir
1238 2675 1304 2718 est
1330 2666 1530 2717 mulieris
1545 2669 1680 2734 prin·

95 2748 271 2812 cipium
301 2765 360 2797 ex
382 2765 491 2814 quo.

171 2828 238 2892 Y.
263 2853 313 2901 9.
334 2832 524 2883 Etenim
542 2854 634 2883 non
655 2845 724 2883 est
743 2844 925 2884 creatus
937 2836 1060 2886 νίν...
1085 2841 1154 2886 2.⁰
1175 2832 1296 2899 Quia
1318 2835 1491 2885 ibidem
1510 2833 1678 2883 dicitnr

97 2907 218 2961 facta
255 2912 414 2962 similis
454 2914 554 2964 viro
574 2950 588 2977 ,
628 2912 743 2963 sacta
775 2916 825 2965 in
847 2914 1121 2979 adjutorium
1142 2916 1259 2974 viri3
1306 2915 1463 2981 sicque
1487 2919 1679 2979 propter
