<?xml version="1.0" encoding="UTF-8"?>
<!DOCTYPE html PUBLIC "-//W3C//DTD XHTML 1.0 Transitional//EN"
    "http://www.w3.org/TR/xhtml1/DTD/xhtml1-transitional.dtd">
<html xmlns="http://www.w3.org/1999/xhtml" xml:lang="en" lang="en">
 <head>
  <title>
</title>
<meta http-equiv="Content-Type" content="text/html;charset=utf-8" />
  <meta name='ocr-system' content='tesseract 3.04.00' />
  <meta name='ocr-capabilities' content='ocr_page ocr_carea ocr_par ocr_line ocrx_word'/>
</head>
<body>
  <div class='ocr_page' id='page_1' title='image "./epistolaumbpauli02picq_0407.png"; bbox 0 0 1760 3210; ppageno 0'>
   <div class='ocr_carea' id='block_1_1' title="bbox 378 11 1617 85">
    <p class='ocr_par' dir='ltr' id='par_1_1' title="bbox 378 11 1617 85">
     <span class='ocr_line' id='line_1_1' title="bbox 378 11 1617 85; baseline 0.001 -13"><span class='ocrx_word' id='word_1_1' title='bbox 378 34 607 73; x_wconf 71' lang='lat' dir='ltr'><strong>&#39;rumex</strong></span> <span class='ocrx_word' id='word_1_2' title='bbox 627 31 918 74; x_wconf 56' lang='lat' dir='ltr'><strong>exeosrrm.</strong></span> <span class='ocrx_word' id='word_1_3' title='bbox 958 14 1077 83; x_wconf 81' lang='lat' dir='ltr'><strong>Cap.</strong></span> <span class='ocrx_word' id='word_1_4' title='bbox 1113 11 1241 66; x_wconf 92' lang='lat' dir='ltr'><strong>XV.</strong></span> <span class='ocrx_word' id='word_1_5' title='bbox 1486 17 1585 85; x_wconf 76' lang='lat'><strong>397</strong></span> <span class='ocrx_word' id='word_1_6' title='bbox 1614 71 1617 73; x_wconf 84' lang='grc'><em>,</em></span> 
     </span>
    </p>
   </div>
   <div class='ocr_carea' id='block_1_2' title="bbox 0 88 1662 2113">
    <p class='ocr_par' dir='ltr' id='par_1_2' title="bbox 8 88 1590 328">
     <span class='ocr_line' id='line_1_2' title="bbox 10 88 1590 178; baseline -0.003 -16"><span class='ocrx_word' id='word_1_7' title='bbox 10 159 19 178; x_wconf 33' lang='lat' dir='ltr'><em>s</em></span> <span class='ocrx_word' id='word_1_8' title='bbox 90 106 266 162; x_wconf 79' lang='lat' dir='ltr'><strong>Caetera</strong></span> <span class='ocrx_word' id='word_1_9' title='bbox 280 108 352 160; x_wconf 89' lang='lat' dir='ltr'><strong>his</strong></span> <span class='ocrx_word' id='word_1_10' title='bbox 368 109 548 160; x_wconf 90' lang='lat' dir='ltr'><strong>duobus</strong></span> <span class='ocrx_word' id='word_1_11' title='bbox 564 106 729 158; x_wconf 88' lang='lat' dir='ltr'><strong>mediis</strong></span> <span class='ocrx_word' id='word_1_12' title='bbox 744 107 984 172; x_wconf 83' lang='lat' dir='ltr'><strong>permixta,</strong></span> <span class='ocrx_word' id='word_1_13' title='bbox 999 113 1076 155; x_wconf 88' lang='lat' dir='ltr'><strong>aut</strong></span> <span class='ocrx_word' id='word_1_14' title='bbox 1094 88 1382 155; x_wconf 79' lang='lat' dir='ltr'><strong>sunthorum</strong></span> <span class='ocrx_word' id='word_1_15' title='bbox 1397 103 1590 157; x_wconf 89' lang='lat' dir='ltr'><strong>duorum</strong></span> 
     </span>
     <span class='ocr_line' id='line_1_3' title="bbox 8 181 1588 259; baseline -0.003 -21"><span class='ocrx_word' id='word_1_16' title='bbox 8 183 380 259; x_wconf 37' lang='lat' dir='ltr'><strong>implicationes,</strong></span> <span class='ocrx_word' id='word_1_17' title='bbox 407 195 484 238; x_wconf 87' lang='lat' dir='ltr'><strong>aut</strong></span> <span class='ocrx_word' id='word_1_18' title='bbox 502 185 726 255; x_wconf 85' lang='lat' dir='ltr'><strong>sequelae‚</strong></span> <span class='ocrx_word' id='word_1_19' title='bbox 755 192 830 235; x_wconf 90' lang='lat' dir='ltr'><strong>aut</strong></span> <span class='ocrx_word' id='word_1_20' title='bbox 853 183 1063 250; x_wconf 85' lang='lat' dir='ltr'><strong>quaedam</strong></span> <span class='ocrx_word' id='word_1_21' title='bbox 1098 186 1166 233; x_wconf 87' lang='lat' dir='ltr'><strong>eis</strong></span> <span class='ocrx_word' id='word_1_22' title='bbox 1183 181 1441 233; x_wconf 76' lang='lat' dir='ltr'>naturaliter</span> <span class='ocrx_word' id='word_1_23' title='bbox 1462 200 1588 234; x_wconf 80' lang='lat' dir='ltr'><strong>con-</strong></span> 
     </span>
     <span class='ocr_line' id='line_1_4' title="bbox 8 266 650 328; baseline -0.011 -8"><span class='ocrx_word' id='word_1_24' title='bbox 8 277 172 328; x_wconf 76' lang='lat' dir='ltr'><strong>&#39;,nexa,</strong></span> <span class='ocrx_word' id='word_1_25' title='bbox 204 273 255 316; x_wconf 87' lang='lat' dir='ltr'><strong>ut</strong></span> <span class='ocrx_word' id='word_1_26' title='bbox 280 266 650 316; x_wconf 73' lang='lat' dir='ltr'><strong>concomitantia.</strong></span> 
     </span>
    </p>

    <p class='ocr_par' dir='ltr' id='par_1_3' title="bbox 0 338 1580 476">
     <span class='ocr_line' id='line_1_5' title="bbox 93 338 1580 410; baseline -0.003 -14"><span class='ocrx_word' id='word_1_27' title='bbox 93 343 217 396; x_wconf 81' lang='lat' dir='ltr'><strong>Haec</strong></span> <span class='ocrx_word' id='word_1_28' title='bbox 242 345 402 395; x_wconf 76' lang='lat' dir='ltr'><strong>clarius</strong></span> <span class='ocrx_word' id='word_1_29' title='bbox 423 345 645 410; x_wconf 89' lang='lat' dir='ltr'><strong>patebunt</strong></span> <span class='ocrx_word' id='word_1_30' title='bbox 665 345 711 392; x_wconf 91' lang='lat' dir='ltr'><strong>in</strong></span> <span class='ocrx_word' id='word_1_31' title='bbox 731 343 823 392; x_wconf 89' lang='lat' dir='ltr'><strong>suis</strong></span> <span class='ocrx_word' id='word_1_32' title='bbox 842 339 970 391; x_wconf 86' lang='lat' dir='ltr'><strong>locis.</strong></span> <span class='ocrx_word' id='word_1_33' title='bbox 987 338 1145 407; x_wconf 86' lang='lat' dir='ltr'><strong>Itaque</strong></span> <span class='ocrx_word' id='word_1_34' title='bbox 1160 341 1218 391; x_wconf 85' lang='lat' dir='ltr'><strong>ad</strong></span> <span class='ocrx_word' id='word_1_35' title='bbox 1243 340 1406 392; x_wconf 88' lang='lat' dir='ltr'><strong>litterae</strong></span> <span class='ocrx_word' id='word_1_36' title='bbox 1424 341 1580 408; x_wconf 67' lang='lat' dir='ltr'><strong>expliv</strong></span> 
     </span>
     <span class='ocr_line' id='line_1_6' title="bbox 0 425 268 476; baseline -0.011 -1"><span class='ocrx_word' id='word_1_37' title='bbox 0 425 268 476; x_wconf 46' lang='lat' dir='ltr'><strong>¹e‘cationem.</strong></span> 
     </span>
    </p>

    <p class='ocr_par' dir='ltr' id='par_1_4' title="bbox 95 496 1588 562">
     <span class='ocr_line' id='line_1_7' title="bbox 95 496 1588 562; baseline -0.003 -11"><span class='ocrx_word' id='word_1_38' title='bbox 95 499 242 551; x_wconf 78' lang='lat' dir='ltr'><strong>Nunc</strong></span> <span class='ocrx_word' id='word_1_39' title='bbox 258 507 465 550; x_wconf 80' lang='lat' dir='ltr'><strong>autem...</strong></span> <span class='ocrx_word' id='word_1_40' title='bbox 481 498 528 549; x_wconf 90' lang='lat' dir='ltr'><strong>id</strong></span> <span class='ocrx_word' id='word_1_41' title='bbox 549 505 649 559; x_wconf 90' lang='lat' dir='ltr'><strong>est,</strong></span> <span class='ocrx_word' id='word_1_42' title='bbox 669 498 790 562; x_wconf 89' lang='lat' dir='ltr'><strong>atqui</strong></span> <span class='ocrx_word' id='word_1_43' title='bbox 809 496 1022 546; x_wconf 81' lang='lat' dir='ltr'><strong>Christus</strong></span> <span class='ocrx_word' id='word_1_44' title='bbox 1041 497 1290 546; x_wconf 72' lang='lat' dir='ltr'><strong>certissime</strong></span> <span class='ocrx_word' id='word_1_45' title='bbox 1307 498 1588 558; x_wconf 74' lang='lat' dir='ltr'><strong>resurrexit,</strong></span> 
     </span>
    </p>

    <p class='ocr_par' dir='ltr' id='par_1_5' title="bbox 0 571 1595 862">
     <span class='ocr_line' id='line_1_8' title="bbox 25 571 1593 636; baseline -0.002 -9"><span class='ocrx_word' id='word_1_46' title='bbox 25 584 73 628; x_wconf 88' lang='lat' dir='ltr'><strong>et</strong></span> <span class='ocrx_word' id='word_1_47' title='bbox 97 574 370 634; x_wconf 79' lang='lat' dir='ltr'>resurrexit,</span> <span class='ocrx_word' id='word_1_48' title='bbox 401 584 455 622; x_wconf 83' lang='lat' dir='ltr'><strong>ut</strong></span> <span class='ocrx_word' id='word_1_49' title='bbox 486 574 710 636; x_wconf 65' lang='lat' dir='ltr'><strong>primitia</strong></span> <span class='ocrx_word' id='word_1_50' title='bbox 743 589 805 623; x_wconf 87' lang='lat' dir='ltr'><strong>ex</strong></span> <span class='ocrx_word' id='word_1_51' title='bbox 828 573 1162 623; x_wconf 84' lang='lat' dir='ltr'><strong>dormientibus</strong></span> <span class='ocrx_word' id='word_1_52' title='bbox 1192 574 1478 623; x_wconf 76' lang='lat' dir='ltr'><strong>suscitandis.</strong></span> <span class='ocrx_word' id='word_1_53' title='bbox 1498 571 1593 624; x_wconf 86' lang='lat' dir='ltr'><strong>Seu</strong></span> 
     </span>
     <span class='ocr_line' id='line_1_9' title="bbox 3 649 1594 719; baseline -0.003 -15"><span class='ocrx_word' id='word_1_54' title='bbox 3 655 152 719; x_wconf 36' lang='lat' dir='ltr'><strong>[quasi</strong></span> <span class='ocrx_word' id='word_1_55' title='bbox 173 653 345 718; x_wconf 89' lang='lat' dir='ltr'><strong>primus</strong></span> <span class='ocrx_word' id='word_1_56' title='bbox 366 649 535 701; x_wconf 81' lang='lat' dir='ltr'><strong>fructus</strong></span> <span class='ocrx_word' id='word_1_57' title='bbox 550 688 562 711; x_wconf 88' lang='lat'><strong>,</strong></span> <span class='ocrx_word' id='word_1_58' title='bbox 588 666 649 700; x_wconf 85' lang='lat' dir='ltr'><strong>ex</strong></span> <span class='ocrx_word' id='word_1_59' title='bbox 667 652 826 700; x_wconf 87' lang='lat' dir='ltr'><strong>mortis</strong></span> <span class='ocrx_word' id='word_1_60' title='bbox 854 652 955 699; x_wconf 90' lang='lat' dir='ltr'><strong>sinu</strong></span> <span class='ocrx_word' id='word_1_61' title='bbox 977 649 1250 711; x_wconf 88' lang='lat' dir='ltr'><strong>abstractus,</strong></span> <span class='ocrx_word' id='word_1_62' title='bbox 1277 649 1336 698; x_wconf 81' lang='lat' dir='ltr'><strong>ad</strong></span> <span class='ocrx_word' id='word_1_63' title='bbox 1356 651 1594 700; x_wconf 74' lang='lat' dir='ltr'><strong>immorta·</strong></span> 
     </span>
     <span class='ocr_line' id='line_1_10' title="bbox 0 720 1595 791; baseline -0.002 -9"><span class='ocrx_word' id='word_1_64' title='bbox 0 720 195 783; x_wconf 55' lang='lat' dir='ltr'><strong>{litatem</strong></span> <span class='ocrx_word' id='word_1_65' title='bbox 224 725 341 783; x_wconf 89' lang='lat' dir='ltr'><strong>Deo</strong></span> <span class='ocrx_word' id='word_1_66' title='bbox 363 729 561 791; x_wconf 85' lang='lat' dir='ltr'><strong>oblatus,</strong></span> <span class='ocrx_word' id='word_1_67' title='bbox 611 737 656 779; x_wconf 90' lang='lat' dir='ltr'><strong>et</strong></span> <span class='ocrx_word' id='word_1_68' title='bbox 690 736 833 779; x_wconf 89' lang='lat' dir='ltr'><strong>totam</strong></span> <span class='ocrx_word' id='word_1_69' title='bbox 860 726 1222 778; x_wconf 86' lang='lat' dir='ltr'><strong>suscitandorum</strong></span> <span class='ocrx_word' id='word_1_70' title='bbox 1243 744 1445 778; x_wconf 83' lang='lat' dir='ltr'><strong>messem</strong></span> <span class='ocrx_word' id='word_1_71' title='bbox 1471 745 1595 779; x_wconf 78' lang='lat' dir='ltr'><strong>con-.-</strong></span> 
     </span>
     <span class='ocr_line' id='line_1_11' title="bbox 26 825 234 862; baseline -0.016 -2"><span class='ocrx_word' id='word_1_72' title='bbox 26 825 234 862; x_wconf 72' lang='lat' dir='ltr'><strong>sectans.</strong></span> 
     </span>
    </p>

    <p class='ocr_par' dir='ltr' id='par_1_6' title="bbox 0 877 1662 1322">
     <span class='ocr_line' id='line_1_12' title="bbox 95 877 1589 963; baseline -0.003 -28"><span class='ocrx_word' id='word_1_73' title='bbox 95 883 222 947; x_wconf 87' lang='lat' dir='ltr'><strong>Sicut</strong></span> <span class='ocrx_word' id='word_1_74' title='bbox 243 884 450 950; x_wconf 84' lang='lat' dir='ltr'><strong>primitiae</strong></span> <span class='ocrx_word' id='word_1_75' title='bbox 471 890 595 934; x_wconf 89' lang='lat' dir='ltr'><strong>erant</strong></span> <span class='ocrx_word' id='word_1_76' title='bbox 617 881 795 947; x_wconf 81' lang='lat' dir='ltr'><strong>frugum</strong></span> <span class='ocrx_word' id='word_1_77' title='bbox 813 883 986 947; x_wconf 89' lang='lat' dir='ltr'><strong>priores</strong></span> <span class='ocrx_word' id='word_1_78' title='bbox 1005 889 1213 963; x_wconf 90' lang='lat' dir='ltr'><strong>tempore</strong></span> <span class='ocrx_word' id='word_1_79' title='bbox 1235 886 1281 930; x_wconf 88' lang='lat' dir='ltr'><strong>et</strong></span> <span class='ocrx_word' id='word_1_80' title='bbox 1298 877 1589 942; x_wconf 81' lang='lat' dir='ltr'><strong>excellentia3</strong></span> 
     </span>
     <span class='ocr_line' id='line_1_13' title="bbox 0 945 1662 1025; baseline -0.001 -11"><span class='ocrx_word' id='word_1_81' title='bbox 0 965 93 1015; x_wconf 73' lang='lat' dir='ltr'><strong>=lta</strong></span> <span class='ocrx_word' id='word_1_82' title='bbox 127 961 338 1013; x_wconf 90' lang='lat' dir='ltr'><strong>Christus</strong></span> <span class='ocrx_word' id='word_1_83' title='bbox 377 965 583 1013; x_wconf 86' lang='lat' dir='ltr'><strong>omnium</strong></span> <span class='ocrx_word' id='word_1_84' title='bbox 620 963 841 1025; x_wconf 81' lang='lat' dir='ltr'><strong>justorum</strong></span> <span class='ocrx_word' id='word_1_85' title='bbox 877 945 1237 1011; x_wconf 82' lang='lat' dir='ltr'><strong>suscitandorum</strong></span> <span class='ocrx_word' id='word_1_86' title='bbox 1274 960 1332 1010; x_wconf 90' lang='lat' dir='ltr'><strong>ad</strong></span> <span class='ocrx_word' id='word_1_87' title='bbox 1374 969 1597 1012; x_wconf 82' lang='lat' dir='ltr'><strong>aeternam</strong></span> <span class='ocrx_word' id='word_1_88' title='bbox 1660 952 1662 954; x_wconf 41' lang='grc'><strong>’</strong></span> 
     </span>
     <span class='ocr_line' id='line_1_14' title="bbox 0 1028 1595 1104; baseline -0.004 -12"><span class='ocrx_word' id='word_1_89' title='bbox 0 1061 2 1066; x_wconf 73' lang='grc'>’</span> <span class='ocrx_word' id='word_1_90' title='bbox 25 1038 319 1100; x_wconf 76' lang='lat' dir='ltr'><strong>felicitatem,</strong></span> <span class='ocrx_word' id='word_1_91' title='bbox 343 1041 514 1104; x_wconf 89' lang='lat' dir='ltr'><strong>primus</strong></span> <span class='ocrx_word' id='word_1_92' title='bbox 549 1046 757 1103; x_wconf 84' lang='lat' dir='ltr'><strong>ternpore</strong></span> <span class='ocrx_word' id='word_1_93' title='bbox 782 1045 829 1087; x_wconf 89' lang='lat' dir='ltr'><strong>et</strong></span> <span class='ocrx_word' id='word_1_94' title='bbox 858 1037 1074 1102; x_wconf 82' lang='lat' dir='ltr'><strong>dignitate</strong></span> <span class='ocrx_word' id='word_1_95' title='bbox 1096 1037 1289 1086; x_wconf 82' lang='lat' dir='ltr'><strong>surrexit</strong></span> <span class='ocrx_word' id='word_1_96' title='bbox 1313 1028 1595 1088; x_wconf 86' lang='lat' dir='ltr'><strong>immortalis.</strong></span> 
     </span>
     <span class='ocr_line' id='line_1_15' title="bbox 14 1111 1597 1182; baseline 0.001 -17"><span class='ocrx_word' id='word_1_97' title='bbox 14 1112 17 1113; x_wconf 39' lang='lat'><em>⁷</em></span> <span class='ocrx_word' id='word_1_98' title='bbox 82 1112 330 1182; x_wconf 57' lang='lat' dir='ltr'><strong>‘Equidem</strong></span> <span class='ocrx_word' id='word_1_99' title='bbox 344 1116 479 1180; x_wconf 90' lang='lat' dir='ltr'><strong>aliqui</strong></span> <span class='ocrx_word' id='word_1_100' title='bbox 495 1119 640 1165; x_wconf 78' lang='lat' dir='ltr'><strong>sunta</strong></span> <span class='ocrx_word' id='word_1_101' title='bbox 660 1113 911 1178; x_wconf 85' lang='lat' dir='ltr'><strong>Prophetis</strong></span> <span class='ocrx_word' id='word_1_102' title='bbox 930 1123 973 1165; x_wconf 89' lang='lat' dir='ltr'><strong>et</strong></span> <span class='ocrx_word' id='word_1_103' title='bbox 986 1116 1042 1163; x_wconf 86' lang='lat' dir='ltr'><strong>ab</strong></span> <span class='ocrx_word' id='word_1_104' title='bbox 1062 1117 1159 1179; x_wconf 88' lang='lat' dir='ltr'><strong>ipso</strong></span> <span class='ocrx_word' id='word_1_105' title='bbox 1177 1111 1360 1164; x_wconf 87' lang='lat' dir='ltr'><strong>Christo</strong></span> <span class='ocrx_word' id='word_1_106' title='bbox 1383 1114 1439 1164; x_wconf 88' lang='lat' dir='ltr'><strong>ad</strong></span> <span class='ocrx_word' id='word_1_107' title='bbox 1455 1119 1597 1166; x_wconf 83' lang='lat' dir='ltr'><strong>vitam·</strong></span> 
     </span>
     <span class='ocr_line' id='line_1_16' title="bbox 0 1189 1596 1257; baseline 0.001 -15"><span class='ocrx_word' id='word_1_108' title='bbox 0 1240 2 1242; x_wconf 84' lang='lat'>.</span> <span class='ocrx_word' id='word_1_109' title='bbox 27 1195 254 1252; x_wconf 87' lang='lat' dir='ltr'><strong>suscitati,</strong></span> <span class='ocrx_word' id='word_1_110' title='bbox 281 1193 364 1242; x_wconf 91' lang='lat' dir='ltr'><strong>sed</strong></span> <span class='ocrx_word' id='word_1_111' title='bbox 381 1209 530 1243; x_wconf 90' lang='lat' dir='ltr'><strong>rursus</strong></span> <span class='ocrx_word' id='word_1_112' title='bbox 556 1193 784 1249; x_wconf 85' lang='lat' dir='ltr'><strong>morituri;</strong></span> <span class='ocrx_word' id='word_1_113' title='bbox 817 1189 1024 1241; x_wconf 87' lang='lat' dir='ltr'><strong>Christus</strong></span> <span class='ocrx_word' id='word_1_114' title='bbox 1057 1194 1228 1257; x_wconf 87' lang='lat' dir='ltr'><strong>primus</strong></span> <span class='ocrx_word' id='word_1_115' title='bbox 1251 1195 1459 1242; x_wconf 90' lang='lat' dir='ltr'><strong>omniurn</strong></span> <span class='ocrx_word' id='word_1_116' title='bbox 1493 1211 1596 1243; x_wconf 85' lang='lat' dir='ltr'><strong>sur·</strong></span> 
     </span>
     <span class='ocr_line' id='line_1_17' title="bbox 0 1269 450 1322; baseline 0.002 -4"><span class='ocrx_word' id='word_1_117' title='bbox 0 1315 2 1318; x_wconf 88' lang='lat'>.</span> <span class='ocrx_word' id='word_1_118' title='bbox 27 1272 149 1322; x_wconf 83' lang='lat' dir='ltr'><strong>rexit</strong></span> <span class='ocrx_word' id='word_1_119' title='bbox 166 1269 450 1319; x_wconf 87' lang='lat' dir='ltr'><strong>immortalis.</strong></span> 
     </span>
    </p>

    <p class='ocr_par' dir='ltr' id='par_1_7' title="bbox 0 1340 1599 1783">
     <span class='ocr_line' id='line_1_18' title="bbox 0 1340 1596 1413; baseline 0 -16"><span class='ocrx_word' id='word_1_120' title='bbox 0 1340 9 1342; x_wconf 39' lang='grc'><strong><em>’</em></strong></span> <span class='ocrx_word' id='word_1_121' title='bbox 99 1345 229 1397; x_wconf 92' lang='lat' dir='ltr'><strong>Hinc</strong></span> <span class='ocrx_word' id='word_1_122' title='bbox 249 1346 368 1397; x_wconf 89' lang='lat' dir='ltr'><strong>infer</strong></span> <span class='ocrx_word' id='word_1_123' title='bbox 393 1344 515 1413; x_wconf 74' lang='lat' dir='ltr'><strong>quod</strong></span> <span class='ocrx_word' id='word_1_124' title='bbox 539 1345 614 1395; x_wconf 86' lang='lat' dir='ltr'><strong>vel</strong></span> <span class='ocrx_word' id='word_1_125' title='bbox 640 1361 722 1409; x_wconf 90' lang='lat' dir='ltr'><strong>per</strong></span> <span class='ocrx_word' id='word_1_126' title='bbox 747 1345 966 1410; x_wconf 88' lang='lat' dir='ltr'><strong>temporis</strong></span> <span class='ocrx_word' id='word_1_127' title='bbox 991 1345 1363 1410; x_wconf 81' lang='lat' dir='ltr'><strong>anticipationem</strong></span> <span class='ocrx_word' id='word_1_128' title='bbox 1379 1343 1444 1396; x_wconf 89' lang='lat' dir='ltr'><strong>D.</strong></span> <span class='ocrx_word' id='word_1_129' title='bbox 1471 1343 1596 1398; x_wconf 77' lang='lat' dir='ltr'><strong>Mat·</strong></span> 
     </span>
     <span class='ocr_line' id='line_1_19' title="bbox 14 1416 1595 1489; baseline 0.001 -16"><span class='ocrx_word' id='word_1_130' title='bbox 14 1421 175 1473; x_wconf 50' lang='lat' dir='ltr'><strong>‘&#39;th-‘neus</strong></span> <span class='ocrx_word' id='word_1_131' title='bbox 192 1438 290 1487; x_wconf 87' lang='lat' dir='ltr'><strong>cap.</strong></span> <span class='ocrx_word' id='word_1_132' title='bbox 315 1440 398 1489; x_wconf 84' lang='lat'><strong>27.</strong></span> <span class='ocrx_word' id='word_1_133' title='bbox 418 1420 500 1471; x_wconf 87' lang='lat'><strong>52.</strong></span> <span class='ocrx_word' id='word_1_134' title='bbox 520 1420 628 1470; x_wconf 87' lang='lat' dir='ltr'><strong>dicit</strong></span> <span class='ocrx_word' id='word_1_135' title='bbox 650 1419 816 1469; x_wconf 89' lang='lat' dir='ltr'><strong>multos</strong></span> <span class='ocrx_word' id='word_1_136' title='bbox 837 1422 882 1469; x_wconf 92' lang='lat' dir='ltr'><strong>in</strong></span> <span class='ocrx_word' id='word_1_137' title='bbox 907 1422 1120 1484; x_wconf 88' lang='lat' dir='ltr'><strong>passione</strong></span> <span class='ocrx_word' id='word_1_138' title='bbox 1137 1416 1307 1470; x_wconf 89' lang='lat' dir='ltr'><strong>Christi</strong></span> <span class='ocrx_word' id='word_1_139' title='bbox 1328 1425 1564 1474; x_wconf 87' lang='lat' dir='ltr'><strong>suscitatos</strong></span> <span class='ocrx_word' id='word_1_140' title='bbox 1578 1460 1595 1485; x_wconf 81' lang='lat'><strong>,</strong></span> 
     </span>
     <span class='ocr_line' id='line_1_20' title="bbox 29 1494 1599 1561; baseline 0.001 -12"><span class='ocrx_word' id='word_1_141' title='bbox 29 1499 109 1549; x_wconf 80' lang='lat' dir='ltr'><strong>vel</strong></span> <span class='ocrx_word' id='word_1_142' title='bbox 126 1498 188 1549; x_wconf 88' lang='lat' dir='ltr'><strong>illi</strong></span> <span class='ocrx_word' id='word_1_143' title='bbox 215 1502 364 1549; x_wconf 71' lang='lat' dir='ltr'><strong>rursr&#39;13</strong></span> <span class='ocrx_word' id='word_1_144' title='bbox 392 1500 554 1548; x_wconf 89' lang='lat' dir='ltr'><strong>mortui</strong></span> <span class='ocrx_word' id='word_1_145' title='bbox 577 1506 679 1547; x_wconf 91' lang='lat' dir='ltr'><strong>sunt</strong></span> <span class='ocrx_word' id='word_1_146' title='bbox 701 1515 712 1545; x_wconf 73' lang='grc' dir='ltr'>ε</span> <span class='ocrx_word' id='word_1_147' title='bbox 736 1494 942 1546; x_wconf 83' lang='lat' dir='ltr'><strong>Christus</strong></span> <span class='ocrx_word' id='word_1_148' title='bbox 973 1498 1098 1546; x_wconf 88' lang='lat' dir='ltr'><strong>enim</strong></span> <span class='ocrx_word' id='word_1_149' title='bbox 1123 1499 1294 1561; x_wconf 89' lang='lat' dir='ltr'><strong>primus</strong></span> <span class='ocrx_word' id='word_1_150' title='bbox 1314 1501 1482 1549; x_wconf 77' lang='lat' dir='ltr'><strong>revixit</strong></span> <span class='ocrx_word' id='word_1_151' title='bbox 1503 1502 1599 1551; x_wconf 42' lang='lat' dir='ltr'><strong>imae</strong></span> 
     </span>
     <span class='ocr_line' id='line_1_21' title="bbox 30 1575 1597 1640; baseline 0.002 -14"><span class='ocrx_word' id='word_1_152' title='bbox 30 1576 259 1637; x_wconf 85' lang='lat' dir='ltr'><strong>mortalis,</strong></span> <span class='ocrx_word' id='word_1_153' title='bbox 290 1585 336 1627; x_wconf 90' lang='lat' dir='ltr'><strong>et</strong></span> <span class='ocrx_word' id='word_1_154' title='bbox 357 1575 483 1626; x_wconf 86' lang='lat' dir='ltr'><strong>velut</strong></span> <span class='ocrx_word' id='word_1_155' title='bbox 523 1577 733 1640; x_wconf 81' lang='lat' dir='ltr'><strong>primitiae</strong></span> <span class='ocrx_word' id='word_1_156' title='bbox 770 1576 976 1623; x_wconf 90' lang='lat' dir='ltr'><strong>omniurn</strong></span> <span class='ocrx_word' id='word_1_157' title='bbox 1012 1576 1220 1639; x_wconf 89' lang='lat' dir='ltr'><strong>quicum</strong></span> <span class='ocrx_word' id='word_1_158' title='bbox 1255 1581 1597 1629; x_wconf 88' lang='lat' dir='ltr'><strong>resurrectionis</strong></span> 
     </span>
     <span class='ocr_line' id='line_1_22' title="bbox 31 1648 1598 1721; baseline 0.004 -19"><span class='ocrx_word' id='word_1_159' title='bbox 31 1670 115 1718; x_wconf 88' lang='lat' dir='ltr'><strong>spe</strong></span> <span class='ocrx_word' id='word_1_160' title='bbox 127 1656 394 1704; x_wconf 87' lang='lat' dir='ltr'><strong>moriuntur.</strong></span> <span class='ocrx_word' id='word_1_161' title='bbox 410 1651 496 1704; x_wconf 91' lang='lat' dir='ltr'><strong>Vel</strong></span> <span class='ocrx_word' id='word_1_162' title='bbox 510 1669 558 1702; x_wconf 77' lang='lat' dir='ltr'><strong>ei</strong></span> <span class='ocrx_word' id='word_1_163' title='bbox 559 1670 618 1718; x_wconf 90' lang='lat' dir='ltr'><strong>go</strong></span> <span class='ocrx_word' id='word_1_164' title='bbox 635 1652 692 1702; x_wconf 91' lang='lat' dir='ltr'><strong>illi</strong></span> <span class='ocrx_word' id='word_1_165' title='bbox 710 1656 803 1701; x_wconf 83' lang='lat' dir='ltr'><strong>tum</strong></span> <span class='ocrx_word' id='word_1_166' title='bbox 817 1648 1000 1702; x_wconf 76' lang='lat' dir='ltr'><strong>Christo</strong></span> <span class='ocrx_word' id='word_1_167' title='bbox 1011 1662 1274 1716; x_wconf 83' lang='lat' dir='ltr'><strong>resurgente</strong></span> <span class='ocrx_word' id='word_1_168' title='bbox 1286 1665 1598 1721; x_wconf 83' lang='lat' dir='ltr'><strong>surrexerunt,</strong></span> 
     </span>
     <span class='ocr_line' id='line_1_23' title="bbox 33 1731 611 1783; baseline 0 -2"><span class='ocrx_word' id='word_1_169' title='bbox 33 1731 109 1782; x_wconf 86' lang='lat' dir='ltr'><strong>vel</strong></span> <span class='ocrx_word' id='word_1_170' title='bbox 130 1736 280 1782; x_wconf 78' lang='lat' dir='ltr'><strong>rursus</strong></span> <span class='ocrx_word' id='word_1_171' title='bbox 296 1735 462 1783; x_wconf 91' lang='lat' dir='ltr'><strong>mortui</strong></span> <span class='ocrx_word' id='word_1_172' title='bbox 489 1741 611 1782; x_wconf 91' lang='lat' dir='ltr'><strong>sunt.</strong></span> 
     </span>
    </p>

    <p class='ocr_par' dir='ltr' id='par_1_8' title="bbox 31 1796 1628 1951">
     <span class='ocr_line' id='line_1_24' title="bbox 103 1796 1609 1874; baseline 0.002 -15"><span class='ocrx_word' id='word_1_173' title='bbox 103 1806 231 1860; x_wconf 87' lang='lat' dir='ltr'><strong>Sicut</strong></span> <span class='ocrx_word' id='word_1_174' title='bbox 245 1812 451 1874; x_wconf 86' lang='lat' dir='ltr'><strong>primitiae</strong></span> <span class='ocrx_word' id='word_1_175' title='bbox 468 1807 567 1859; x_wconf 87' lang='lat' dir='ltr'><strong>Deo</strong></span> <span class='ocrx_word' id='word_1_176' title='bbox 583 1807 744 1856; x_wconf 81' lang='lat' dir='ltr'><strong>oblatae</strong></span> <span class='ocrx_word' id='word_1_177' title='bbox 759 1805 1016 1873; x_wconf 84' lang='lat' dir='ltr'><strong>generalem</strong></span> <span class='ocrx_word' id='word_1_178' title='bbox 1049 1808 1256 1857; x_wconf 91' lang='lat' dir='ltr'><strong>omnium</strong></span> <span class='ocrx_word' id='word_1_179' title='bbox 1267 1806 1448 1874; x_wconf 79' lang='lat' dir='ltr'><strong>frugum</strong></span> <span class='ocrx_word' id='word_1_180' title='bbox 1467 1796 1609 1862; x_wconf 29' lang='lat' dir='ltr'><strong>mes-¹</strong></span> 
     </span>
     <span class='ocr_line' id='line_1_25' title="bbox 31 1884 1628 1951; baseline 0.002 -16"><span class='ocrx_word' id='word_1_181' title='bbox 31 1902 135 1936; x_wconf 87' lang='lat' dir='ltr'><strong>sem</strong></span> <span class='ocrx_word' id='word_1_182' title='bbox 159 1884 501 1949; x_wconf 63' lang='lat' dir='ltr'><strong>brevlifuturam</strong></span> <span class='ocrx_word' id='word_1_183' title='bbox 540 1885 913 1951; x_wconf 79' lang='lat' dir='ltr'><strong>praetendebant,</strong></span> <span class='ocrx_word' id='word_1_184' title='bbox 938 1901 1072 1950; x_wconf 90' lang='lat' dir='ltr'><strong>quam</strong></span> <span class='ocrx_word' id='word_1_185' title='bbox 1097 1893 1144 1934; x_wconf 89' lang='lat' dir='ltr'><strong>et</strong></span> <span class='ocrx_word' id='word_1_186' title='bbox 1181 1890 1527 1948; x_wconf 85' lang='lat' dir='ltr'><strong>consecrabant;</strong></span> <span class='ocrx_word' id='word_1_187' title='bbox 1574 1892 1628 1951; x_wconf 63' lang='lat'><strong>233</strong></span> 
     </span>
    </p>

    <p class='ocr_par' dir='ltr' id='par_1_9' title="bbox 10 1957 1602 2106">
     <span class='ocr_line' id='line_1_26' title="bbox 102 1957 1596 2031; baseline 0.003 -20"><span class='ocrx_word' id='word_1_188' title='bbox 102 1959 172 2011; x_wconf 87' lang='lat' dir='ltr'><strong>Ita</strong></span> <span class='ocrx_word' id='word_1_189' title='bbox 195 1957 431 2025; x_wconf 89' lang='lat' dir='ltr'><strong>Christus,</strong></span> <span class='ocrx_word' id='word_1_190' title='bbox 459 1970 512 2012; x_wconf 91' lang='lat' dir='ltr'><strong>ut</strong></span> <span class='ocrx_word' id='word_1_191' title='bbox 535 1964 742 2028; x_wconf 85' lang='lat' dir='ltr'><strong>primitiae</strong></span> <span class='ocrx_word' id='word_1_192' title='bbox 763 1962 1092 2026; x_wconf 81' lang='lat' dir='ltr'><strong>resurgentium</strong></span> <span class='ocrx_word' id='word_1_193' title='bbox 1114 1961 1171 2011; x_wconf 89' lang='lat' dir='ltr'><strong>ad</strong></span> <span class='ocrx_word' id='word_1_194' title='bbox 1191 1963 1596 2031; x_wconf 87' lang='lat' dir='ltr'><strong>immortalitatem,</strong></span> 
     </span>
     <span class='ocr_line' id='line_1_27' title="bbox 10 2036 1602 2113; baseline -0.001 -24"><span class='ocrx_word' id='word_1_195' title='bbox 10 2039 293 2113; x_wconf 62' lang='lat' dir='ltr'><strong>*generalem</strong></span> <span class='ocrx_word' id='word_1_196' title='bbox 332 2041 555 2106; x_wconf 89' lang='lat' dir='ltr'><strong>promittit</strong></span> <span class='ocrx_word' id='word_1_197' title='bbox 597 2041 802 2088; x_wconf 88' lang='lat' dir='ltr'><strong>omnium</strong></span> <span class='ocrx_word' id='word_1_198' title='bbox 844 2039 1117 2100; x_wconf 89' lang='lat' dir='ltr'><strong>electorum,</strong></span> <span class='ocrx_word' id='word_1_199' title='bbox 1154 2036 1339 2110; x_wconf 77' lang='lat' dir='ltr'><strong>fratrum</strong></span> <span class='ocrx_word' id='word_1_200' title='bbox 1365 2049 1412 2092; x_wconf 89' lang='lat' dir='ltr'><strong>et</strong></span> <span class='ocrx_word' id='word_1_201' title='bbox 1450 2059 1602 2094; x_wconf 79' lang='lat' dir='ltr'><strong>mern.</strong></span> 
     </span>
    </p>
   </div>
   <div class='ocr_carea' id='block_1_3' title="bbox 7 2105 1602 2244">
    <p class='ocr_par' dir='ltr' id='par_1_10' title="bbox 7 2105 1602 2244">
     <span class='ocr_line' id='line_1_28' title="bbox 7 2105 1602 2186; baseline 0.003 -17"><span class='ocrx_word' id='word_1_202' title='bbox 7 2167 9 2169; x_wconf 84' lang='lat'>.</span> <span class='ocrx_word' id='word_1_203' title='bbox 34 2105 224 2175; x_wconf 83' lang='lat' dir='ltr'><strong>brorum</strong></span> <span class='ocrx_word' id='word_1_204' title='bbox 246 2134 456 2177; x_wconf 87' lang='lat' dir='ltr'><strong>suorum,</strong></span> <span class='ocrx_word' id='word_1_205' title='bbox 489 2115 669 2167; x_wconf 88' lang='lat' dir='ltr'><strong>felicem</strong></span> <span class='ocrx_word' id='word_1_206' title='bbox 703 2119 1109 2179; x_wconf 85' lang='lat' dir='ltr'><strong>resurrectionem,</strong></span> <span class='ocrx_word' id='word_1_207' title='bbox 1137 2133 1330 2186; x_wconf 88' lang='lat' dir='ltr'><strong>eamque</strong></span> <span class='ocrx_word' id='word_1_208' title='bbox 1351 2117 1458 2171; x_wconf 93' lang='lat' dir='ltr'><strong>Deo</strong></span> <span class='ocrx_word' id='word_1_209' title='bbox 1481 2120 1602 2173; x_wconf 86' lang='lat' dir='ltr'><strong>dicat</strong></span> 
     </span>
     <span class='ocr_line' id='line_1_29' title="bbox 34 2201 359 2244; baseline -0.007 0"><span class='ocrx_word' id='word_1_210' title='bbox 34 2202 84 2244; x_wconf 87' lang='lat' dir='ltr'><strong>et</strong></span> <span class='ocrx_word' id='word_1_211' title='bbox 110 2201 359 2244; x_wconf 84' lang='lat' dir='ltr'><strong>consecrat.</strong></span> 
     </span>
    </p>
   </div>
   <div class='ocr_carea' id='block_1_4' title="bbox 0 0 12 419">
    <p class='ocr_par' dir='ltr' id='par_1_11' title="bbox 0 0 12 419">
     <span class='ocr_line' id='line_1_30' title="bbox 0 0 12 144; baseline 0 3066"><span class='ocrx_word' id='word_1_212' title='bbox 0 0 12 144; x_wconf 95' lang='lat' dir='ltr'><strong> </strong></span> 
     </span>
     <span class='ocr_line' id='line_1_31' title="bbox 0 144 12 419; baseline 0 -126"><span class='ocrx_word' id='word_1_213' title='bbox 0 144 12 419; x_wconf 95' lang='lat' dir='ltr'><strong>  </strong></span> 
     </span>
    </p>
   </div>
   <div class='ocr_carea' id='block_1_5' title="bbox 519 2317 1127 2358">
    <p class='ocr_par' dir='ltr' id='par_1_12' title="bbox 519 2317 1127 2358">
     <span class='ocr_line' id='line_1_32' title="bbox 519 2317 1127 2358; baseline -0.002 -5"><span class='ocrx_word' id='word_1_214' title='bbox 519 2317 844 2358; x_wconf 66' lang='lat' dir='ltr'><strong>OBSERVATto</strong></span> <span class='ocrx_word' id='word_1_215' title='bbox 879 2317 1127 2355; x_wconf 55' lang='lat' dir='ltr'><strong>mor-Ans.</strong></span> 
     </span>
    </p>
   </div>
   <div class='ocr_carea' id='block_1_6' title="bbox 13 2434 1610 2819">
    <p class='ocr_par' dir='ltr' id='par_1_13' title="bbox 13 2434 1610 2819">
     <span class='ocr_line' id='line_1_33' title="bbox 105 2434 1603 2503; baseline 0.002 -13"><span class='ocrx_word' id='word_1_216' title='bbox 105 2437 512 2494; x_wconf 83' lang='lat' dir='ltr'><strong>Resurrectionem</strong></span> <span class='ocrx_word' id='word_1_217' title='bbox 551 2434 786 2501; x_wconf 87' lang='lat' dir='ltr'><strong>Christus,</strong></span> <span class='ocrx_word' id='word_1_218' title='bbox 832 2444 965 2503; x_wconf 87' lang='lat' dir='ltr'><strong>caput</strong></span> <span class='ocrx_word' id='word_1_219' title='bbox 1001 2443 1232 2498; x_wconf 87' lang='lat' dir='ltr'><strong>nostrum,</strong></span> <span class='ocrx_word' id='word_1_220' title='bbox 1281 2436 1375 2490; x_wconf 87' lang='lat' dir='ltr'><strong>dux</strong></span> <span class='ocrx_word' id='word_1_221' title='bbox 1414 2449 1603 2501; x_wconf 69' lang='lat' dir='ltr'><strong>noster,</strong></span> 
     </span>
     <span class='ocr_line' id='line_1_34' title="bbox 13 2517 1606 2585; baseline 0.002 -18"><span class='ocrx_word' id='word_1_222' title='bbox 13 2518 251 2584; x_wconf 4' lang='lat' dir='ltr'><strong>,princeps</strong></span> <span class='ocrx_word' id='word_1_223' title='bbox 276 2524 454 2577; x_wconf 90' lang='lat' dir='ltr'><strong>noster,</strong></span> <span class='ocrx_word' id='word_1_224' title='bbox 481 2517 692 2581; x_wconf 79' lang='lat' dir='ltr'><strong>primitiae</strong></span> <span class='ocrx_word' id='word_1_225' title='bbox 713 2522 911 2583; x_wconf 78' lang='lat' dir='ltr'><strong>nostrae,</strong></span> <span class='ocrx_word' id='word_1_226' title='bbox 948 2517 1199 2582; x_wconf 87' lang='lat' dir='ltr'><strong>auspicatus</strong></span> <span class='ocrx_word' id='word_1_227' title='bbox 1240 2525 1334 2578; x_wconf 89' lang='lat' dir='ltr'><strong>est;</strong></span> <span class='ocrx_word' id='word_1_228' title='bbox 1360 2518 1432 2569; x_wconf 86' lang='lat' dir='ltr'><strong>alii</strong></span> <span class='ocrx_word' id='word_1_229' title='bbox 1457 2520 1606 2585; x_wconf 77' lang='lat' dir='ltr'><strong>multi,</strong></span> 
     </span>
     <span class='ocr_line' id='line_1_35' title="bbox 37 2593 1610 2665; baseline 0.003 -21"><span class='ocrx_word' id='word_1_230' title='bbox 37 2596 138 2658; x_wconf 86' lang='lat' dir='ltr'><strong>ejus</strong></span> <span class='ocrx_word' id='word_1_231' title='bbox 157 2595 389 2654; x_wconf 86' lang='lat' dir='ltr'><strong>membra,</strong></span> <span class='ocrx_word' id='word_1_232' title='bbox 401 2593 597 2665; x_wconf 84' lang='lat' dir='ltr'><strong>fideles,</strong></span> <span class='ocrx_word' id='word_1_233' title='bbox 624 2596 793 2657; x_wconf 85' lang='lat' dir='ltr'><strong>sancti,</strong></span> <span class='ocrx_word' id='word_1_234' title='bbox 818 2610 922 2643; x_wconf 86' lang='lat' dir='ltr'><strong>curn</strong></span> <span class='ocrx_word' id='word_1_235' title='bbox 942 2609 1000 2643; x_wconf 88' lang='lat' dir='ltr'><strong>eo</strong></span> <span class='ocrx_word' id='word_1_236' title='bbox 1023 2602 1342 2657; x_wconf 87' lang='lat' dir='ltr'><strong>surrexerunt,</strong></span> <span class='ocrx_word' id='word_1_237' title='bbox 1369 2597 1610 2662; x_wconf 80' lang='lat' dir='ltr'><strong>vetutejus</strong></span> 
     </span>
     <span class='ocr_line' id='line_1_36' title="bbox 39 2669 1605 2739; baseline 0.003 -17"><span class='ocrx_word' id='word_1_238' title='bbox 39 2672 382 2723; x_wconf 86' lang='lat' dir='ltr'><strong>resurrectionis</strong></span> <span class='ocrx_word' id='word_1_239' title='bbox 408 2672 598 2721; x_wconf 84' lang='lat' dir='ltr'><strong>comites</strong></span> <span class='ocrx_word' id='word_1_240' title='bbox 621 2679 667 2722; x_wconf 89' lang='lat' dir='ltr'><strong>et</strong></span> <span class='ocrx_word' id='word_1_241' title='bbox 689 2669 907 2721; x_wconf 83' lang='lat' dir='ltr'><strong>asseclae·</strong></span> <span class='ocrx_word' id='word_1_242' title='bbox 936 2688 1045 2737; x_wconf 84' lang='lat' dir='ltr'><strong>ergo</strong></span> <span class='ocrx_word' id='word_1_243' title='bbox 1065 2680 1112 2722; x_wconf 89' lang='lat' dir='ltr'><strong>et</strong></span> <span class='ocrx_word' id='word_1_244' title='bbox 1137 2688 1223 2722; x_wconf 90' lang='lat' dir='ltr'><strong>nos</strong></span> <span class='ocrx_word' id='word_1_245' title='bbox 1243 2674 1344 2738; x_wconf 84' lang='lat' dir='ltr'><strong>ejus</strong></span> <span class='ocrx_word' id='word_1_246' title='bbox 1372 2675 1605 2739; x_wconf 84' lang='lat' dir='ltr'><strong>membra,</strong></span> 
     </span>
     <span class='ocr_line' id='line_1_37' title="bbox 38 2738 967 2819; baseline 0.001 -16"><span class='ocrx_word' id='word_1_247' title='bbox 38 2753 237 2806; x_wconf 85' lang='lat' dir='ltr'><strong>subditi</strong></span> <span class='ocrx_word' id='word_1_248' title='bbox 269 2742 376 2812; x_wconf 82' lang='lat' dir='ltr'><strong>tilii,</strong></span> <span class='ocrx_word' id='word_1_249' title='bbox 400 2769 685 2819; x_wconf 83' lang='lat' dir='ltr'><strong>resurgemus</strong></span> <span class='ocrx_word' id='word_1_250' title='bbox 707 2738 967 2818; x_wconf 85' lang='lat' dir='ltr'><strong>aliquando.</strong></span> 
     </span>
    </p>
   </div>
   <div class='ocr_carea' id='block_1_7' title="bbox 105 2811 1328 2924">
    <p class='ocr_par' dir='ltr' id='par_1_14' title="bbox 105 2811 1328 2924">
     <span class='ocr_line' id='line_1_38' title="bbox 105 2811 1328 2924; baseline 0.002 -37"><span class='ocrx_word' id='word_1_251' title='bbox 105 2831 364 2924; x_wconf 60' lang='lat' dir='ltr'><strong>E².d‘³-h‘?⁶</strong></span> <span class='ocrx_word' id='word_1_252' title='bbox 385 2834 479 2907; x_wconf 78' lang='lat' dir='ltr'><strong>fide</strong></span> <span class='ocrx_word' id='word_1_253' title='bbox 502 2839 628 2906; x_wconf 79' lang='lat' dir='ltr'><strong>saepe</strong></span> <span class='ocrx_word' id='word_1_254' title='bbox 648 2835 876 2887; x_wconf 77' lang='lat' dir='ltr'><strong>formandi</strong></span> <span class='ocrx_word' id='word_1_255' title='bbox 897 2844 1002 2888; x_wconf 91' lang='lat' dir='ltr'><strong>sunt</strong></span> <span class='ocrx_word' id='word_1_256' title='bbox 1021 2843 1164 2889; x_wconf 80' lang='lat' dir='ltr'><strong>actus·</strong></span> <span class='ocrx_word' id='word_1_257' title='bbox 1188 2894 1205 2902; x_wconf 13' lang='grc' dir='ltr'><em>Ἢ</em></span> <span class='ocrx_word' id='word_1_258' title='bbox 1267 2811 1272 2817; x_wconf 25' lang='lat'>¹</span> <span class='ocrx_word' id='word_1_259' title='bbox 1326 2818 1328 2821; x_wconf 12' lang='lat' dir='ltr'>V</span> 
     </span>
    </p>
   </div>
  </div>
 </body>
</html>
