1760 3210
118 106 218 172 242
464 119 643 156 PmMAE
679 118 928 157 emsronaz
963 122 1031 160 Au
1067 94 1377 162 coarmatos
1444 148 1447 150 -

120 215 254 256 cere;
291 213 388 247 non
421 195 561 245 modo
585 192 758 243 nullum
786 198 1118 246 ex'tentatione
1145 195 1471 248 detrimentum
1490 202 1700 268 accipie-
1736 209 1748 213 '

119 279 208 336 tis,
234 273 316 323 sed
341 279 386 321 et
416 269 609 346 multum
636 269 812 337 lucrum
833 274 1139 335 reportabitis.

190 349 314 403 Nota
347 349 473 412 juxta
497 347 599 397 haec
626 347 780 398 ultima
819 350 981 411 verba,
1016 350 1142 416 quod
1177 350 1235 400 de
1259 367 1311 401 se
1342 353 1445 416 ipso
1471 337 1701 418 diffidere,

122 450 253 483 suam
293 433 455 479 timere
501 426 802 493 fragilitatem,
840 429 1044 493 vigilare,
1095 429 1278 496 sibique
1319 429 1572 493 attendere,
1614 434 1707 483 sint

119 508 396 560 Christianae
433 508 619 574 quidem
657 506 932 558 fortitudinis
968 508 1137 559 initiale
1175 508 1549 560 fundamentum:
1575 517 1622 560 at>
1657 512 1708 560 in

120 589 333 643 Domino
355 588 608 652 confidere,
635 590 680 636 in
705 587 804 637 solo
823 591 921 652 ejus
941 590 1109 640 auxilio
1129 593 1280 654 inniti,
1307 597 1546 657 totumque
1567 590 1626 640 ab
1648 607 1708 641 eo

122 671 222 722 solo
244 688 442 737 sperare,
477 677 646 719 nostrae
669 667 953 719 fortitudinis
989 678 1057 721 est
1085 657 1438 734 consummatio,
1477 678 1523 721 et
1546 669 1707 720 stabile

121 751 369 816 fragilitatis
385 750 604 800 humanae
626 749 984 800 firmamentum.
1178 746 1182 751 ’

194 828 340 895 Nota,
365 830 619 880 secundum
649 832 798 896 priora
828 832 990 892 verba,
1026 829 1150 896 quod
1174 828 1297 878 nullo
1323 824 1466 877 modo
1492 842 1708 895 peccare,

132 910 388 976 angelicum
414 918 509 968 est3
539 927 620 974 per
647 912 952 973 ignorantiam
976 917 1022 957 et
1047 907 1359 957 infirmitatem
1383 922 1590 974 peccare,
1620 903 1711 956 hu·-

126 1008 355 1048 manum;
382 993 582 1039 scienter
602 996 647 1037 et
673 989 942 1049 voluntarie,
970 986 1263 1051 diabolicum.

199 1063 436 1115 Homines
452 1064 640 1131 quidem
662 1065 839 1131 fragiles
856 1073 902 1114 et
930 1065 1071 1130 ignari
1095 1081 1220 1113 nunc
1237 1078 1391 1112 sumus
1410 1079 1422 1121 ς
1441 1069 1486 1111 at
1514 1059 1713 1127 aequales

130 1140 326 1209 Angelis
349 1142 591 1208 aliquando
613 1141 769 1206 futuri,
805 1141 978 1192 scilicet
1009 1144 1057 1192 in
1086 1141 1437 1191 resurrectione.
1758 1195 1760 1197 ¹

202 1222 518 1289 Quoadusque
551 1233 704 1274 autern
732 1224 790 1274 ad
813 1221 1100 1287 Angelorum
1128 1223 1453 1287 perveniamus
1490 1218 1714 1266 sanctita-
1741 1251 1745 1254 -

56 1344 58 1346 v
130 1309 260 1363 tem,
289 1301 562 1352 diabolicam
603 1303 766 1352 saltem
805 1317 1047 1350 caveamus
1082 1298 1328 1356 malitiam3
1358 1313 1498 1347 omne
1526 1293 1727 1360 quidem,

128 1380 397 1432 horreamus
434 1390 689 1446 peccatum,
713 1389 758 1430 at
791 1381 1047 1446 praesertim
1072 1376 1369 1438 diabolicum,
1403 1382 1449 1425 et
1478 1390 1541 1424 ex
1572 1371 1716 1422 mali-

128 1462 220 1510 tia:
252 1459 466 1507 Tentalio
498 1478 583 1508 vos
617 1478 708 1507 non
736 1456 1076 1522 apprehendat,
1105 1457 1201 1504 nisi
1224 1455 1457 1513 humana,
1482 1467 1716 1516 nunquam

131 1537 379 1587 diabolica.
1758 1592 1760 1594 Ι

205 1613 278 1680 Jff.
307 1614 386 1676 14.
412 1613 611 1679 Propter
637 1613 778 1679 quod,
806 1613 1091 1662 charissimi.
1115 1648 1126 1662 .
1151 1648 1162 1660 .
1185 1607 1244 1660 In
1268 1609 1582 1676 superioribus
1612 1603 1718 1657 Co-

131 1693 332 1744 rinthios
356 1694 575 1743 exterruit
595 1688 876 1755 Apostolus;
908 1689 1081 1739 indicat
1109 1687 1186 1738 hic
1210 1688 1269 1738 ad
1297 1688 1408 1753 quid
1442 1703 1523 1737 eos
1552 1693 1719 1735 exter—

134 1774 293 1831 ruerit,
313 1771 530 1819 nimirum
546 1775 598 1816 ut
616 1768 674 1816 ab
698 1765 967 1833 idolothytis
988 1773 1230 1828 averteret,
1250 1764 1310 1814 de
1327 1764 1491 1830 quibus
1508 1767 1533 1813 ὲ
1553 1780 1653 1830 cap.
1668 1762 1720 1813 8.

134 1848 448 1917 principaliter
472 1850 583 1911 agit.

206 1922 410 1987 Propter
431 1924 573 1988 quod,
598 1923 647 1972 id
673 1931 764 1986 est,
789 1929 981 1989 propter
1000 1937 1054 1970 ea
1077 1935 1181 1984 quae
1211 1918 1434 1968 hactenus
1454 1917 1515 1969 de
1533 1914 1723 1968 Israeli-

109 2011 197 2060 tis
225 2007 323 2056 dixi
364 2007 528 2066 vobis,
575 2004 603 2054 ὃ
649 2004 900 2054 charissimi
923 2003 1041 2053 mei!
1079 2019 1164 2051 seu
1200 2010 1505 2069 quapropter,
1545 1999 1638 2050 hoc
1671 2006 1723 2048 ut
1755 2014 1760 2018 ··

137 2091 200 2139 ita
234 2091 312 2149 sit,
357 2095 406 2136 ut
435 2103 521 2136 vos
547 2085 732 2147 adjuvet
758 2082 903 2145 Deus,
915 2081 1096 2148 fugite,
1130 2081 1288 2149 procul
1311 2089 1462 2134 estote
1483 2082 1638 2130 animo
1674 2086 1724 2129 et

139 2181 334 2231 corpore
360 2165 421 2213 ab
460 2164 749 2222 idololatria,
779 2161 826 2212 id
863 2169 948 2222 est,
982 2161 1045 2209 ab
1074 2157 1368 2224 idolothytis,
1394 2175 1474 2208 seu
1499 2156 1724 2207 immola-

139 2252 288 2294 tarum
328 2243 529 2291 carnium
578 2241 889 2303 comestione,
926 2253 1028 2303 quae
1074 2235 1286 2302 quaedam
1327 2242 1397 2285 est
1441 2233 1722 2291 idololatria;

120 2325 267 2387 quia,
293 2327 342 2370 ut
379 2317 596 2383 dicetqff.
631 2338 714 2371 20.
751 2318 1034 2386 participatio
1071 2324 1142 2366 est
1168 2315 1497 2366 sacrificiorum
1533 2313 1721 2362 daemo-

140 2405 231 2455 niis
252 2401 530 2451 oblatorum.

212 2481 281 2547 37.
311 2478 387 2530 15.
419 2479 483 2528 Ut
503 2478 811 2543 prudentibus
831 2478 1006 2544 loquor.
1029 2513 1041 2525 .
1059 2513 1074 2527 .

216 2558 340 2623 Quia
362 2556 618 2624 idolothyta
637 2555 902 2616 comedere,
927 2555 1111 2604 vocavit
1135 2550 1455 2611 idololatriam,
1483 2565 1545 2599 ne
1563 2563 1730 2615 quem-

143 2643 270 2707 piam
290 2636 377 2688 hac
401 2638 603 2688 dictione
634 2635 995 2702 exasperaverit,
1025 2632 1138 2682 lenit
1163 2631 1439 2690 orationem,
1479 2626 1728 2694 prudentes

147 2725 197 2768 et
219 2719 450 2783 sapientes
478 2732 560 2766 eos
584 2731 771 2765 vocans.

223 2801 346 2868 Quia
369 2811 526 2853 tamen
562 2803 735 2852 dictum
761 2818 857 2851 non
882 2798 1024 2850 modo
1045 2815 1143 2848 non
1168 2803 1397 2860 retractat,
1427 2792 1512 2844 sed
1545 2800 1591 2844 et
1610 2807 1731 2856 pro-

148 2883 264 2934 bare
284 2880 426 2931 fusius
447 2881 665 2942 intendit,
689 2883 812 2948 prius
834 2877 1112 2929 benevolam
1135 2894 1295 2928 eorum
1317 2875 1619 2926 attentionem
1641 2869 1731 2918 sibi

152 2958 382 3026 conciliat,
405 2974 501 3010 non
524 2961 702 3009 tantum
729 2957 828 3007 illos
846 2956 1037 3007 laudans
1058 2963 1109 3006 ut
1142 2953 1388 3022 prudentes
1411 2955 1457 3001 et
1478 2948 1732 3015 sapientes,-
1758 2994 1760 2996 ,
