1760 3210
158 86 274 156 364
498 90 688 145 Ριωῖωε
720 88 982 146 ems-rom
1011 109 1086 147 m
1119 111 1436 152 coarmatos

238 180 388 248 Igitur
423 183 656 232 immerito
697 183 915 247 objicitur
940 186 1078 236 nobis
1112 183 1179 236 D.
1207 183 1339 238 Pauli
1376 187 1634 254 doctaha,
1627 208 1760 260 ‚quae

164 259 367 310 fideliter
392 256 662 309 observatur
695 262 743 309 in
783 257 1006 312 Ecclesia.
1036 258 1226 312 Etenim
1254 270 1301 313 et
1335 260 1487 314 Biblia
1524 273 1578 316 et·
1585 267 1756 327 officia

162 337 367 390 divina
354 355 402 386 in
428 337 598 403 vulgari
625 338 775 404 lingua
790 338 1017 390 habentur
1037 340 1240 391 traducta
1256 350 1312 393 et
1332 344 1644 410 interpretata.

240 412 462 481 Denique
483 432 664 466 morem
686 418 923 468 immerito
937 419 1116 467 sectarii
1138 417 1389 482 damnant,
1419 437 1569 487 quem.
1583 436 1755 481 umes

163 511 359 561 prorsus
389 490 614 543 Ecclesiae
642 502 923 565 sequuntur,
950 491 1084 560 Syrae
1102 531 1116 558 ,
1155 492 1471 563 AEgyptiacae‚
1502 495 1749 566 Arabicae,

161 568 384 635 Graecae,
412 578 501 622 etc.

235 649 426 702 Omnes
450 652 575 702 enim
618 648 768 716 lingua
795 650 1037 717 vulgariter
1065 649 1220 716 ignota
1262 654 1496 721 publicum
1518 646 1751 708 celebrant

161 730 404 787 officium3
437 727 588 795 lingua
608 730 812 793 scilicet,
835 727 1020 795 antiqua
1038 728 1216 795 graeczi,
1235 732 1444 796 syriaca,
1462 734 1747 802 aegyptiacai,

162 817 218 860 et
232 825 336 877 quae
350 826 445 859 non
458 815 563 857 sunt
585 807 805 873 amplius
793 825 841 857 in
856 824 939 858 usu
961 806 1082 873 apud
1103 806 1319 872 plebem,
1342 817 1390 860 ut
1407 811 1587 874 probat
1593 819 1751 861 auctor

159 887 374 940 historiae
394 891 563 939 criticae
580 890 695 936 novi
714 885 1037 949 Testamenti,
1059 893 1174 935 tom.
1203 905 1222 935 1
1246 921 1261 947 ,
1283 904 1384 954 cap.
1407 907 1451 940 1.
1670 902 1674 908 ·

236 964 473 1032 Equidem
487 963 695 1015 Ecclesia
711 965 875 1029 primis
888 965 1175 1029 temporibus
1188 963 1392 1016 officium
1410 963 1560 1032 lingua
1577 928 1751 1033 vulgari

160 1048 444 1109 celebravit,
474 1055 519 1097 et
539 1046 690 1096 adhuc
712 1046 993 1109 celebraret,
1017 1047 1104 1095 nisi
1118 1046 1286 1111 liugnae
1306 1047 1478 1109 lntinae,
1498 1067 1587 1115 per
1598 1052 1748 1100 varias

160 1129 379 1176 nationes
420 1123 687 1175 Romanurn
724 1125 970 1188 imperium
1013 1123 1312 1186 invadentes,
1352 1125 1591 1190 multiplex
1624 1125 1750 1176 sacta

156 1204 322 1257 {uisset
344 1203 598 1256 immutatio
641 1223 652 1253 ε
692 1212 737 1254 at
759 1221 882 1253 nunc
906 1203 968 1252 ob
993 1204 1271 1268 antiquitatis
1294 1206 1673 1264 venerationem,
1691 1210 1750 1254 et

155 1284 229 1332 ob
263 1285 499 1332 innumera
545 1280 730 1330 vitanda
773 1279 1096 1340 incommoda,
1135 1295 1237 1344 quae
1273 1297 1333 1328 ex
1376 1279 1566 1329 infinitis
1595 1295 1748 1346 prope

159 1367 465 1409 nascerentur
484 1357 852 1407 translationibus
871 1392 885 1416 ,
914 1357 1193 1419 primitivam
1220 1354 1417 1419 linguam
1435 1363 1604 1405 servat.
1724 1409 1727 1411 ,

234 1436 298 1488 Et
333 1443 381 1488 in
419 1437 511 1485 hoe
549 1450 713 1483 omnes
763 1448 948 1499 prorsus
975 1428 1196 1482 Ecclesiae
1222 1440 1327 1484 sunt
1357 1431 1664 1497 conformes,
1699 1436 1747 1486 si

157 1512 482 1566 Protestantes
510 1514 745 1578 excipias,
773 1530 875 1578 quae
911 1512 960 1560 in
994 1508 1113 1572 hoc,
1152 1512 1268 1562 sicut
1299 1514 1416 1564 etin
1435 1513 1590 1564 multis
1611 1512 1742 1579 attis,

153 1599 274 1646 vere
298 1594 481 1644 suerunt
504 1598 746 1642 novanteS.
1663 1652 1666 1653 γ

228 1670 366 1723 Idem
390 1670 540 1722 fecere
570 1666 751 1732 Judaei,
789 1667 915 1758 quod
938 1663 1144 1718 Ecclesia
1170 1665 1426 1720 Christiana
1455 1668 1735 1736 :deperdito

151 1754 288 1804 enim
315 1751 478 1814 linguae
513 1748 769 1807 hebraicae,
800 1748 847 1795 in
885 1748 1174 1812 captivitate,
1216 1765 1325 1810 usu,
1353 1764 1539 1815 semper
1575 1757 1733 1810 tamen

154 1823 373 1894 legerunt
399 1826 646 1875 hebraice
636 1842 682 1872 m
707 1823 968 1889 synagogis.

227 1902 377 1962 Hunc
407 1918 586 1953 morem
622 1910 832 1966 tempore
873 1895 1044 1950 Christi
1077 1899 1359 1962 servabant,
1401 1914 1547 1964 quem
1577 1885 1733 1950 tamen

152 1983 393 2037 Dominus
428 1998 663 2046 nunquam
703 1979 963 2040 damnavit,
1003 1986 1049 2030 et
1076 1977 1200 2030 hunc
1231 1995 1410 2029 morem
1433 1981 1575 2029 etiam
1607 1993 1732 2032 nunc

149 2073 344 2117 servant
363 2063 528 2113 adhuc.
542 2060 619 2111 De
638 2060 709 2109 his
725 2058 873 2108 videri
891 2065 1040 2123 potest
1059 2057 1250 2110 historia
1273 2061 1406 2111 citata
1416 2058 1555 2122 ,loco
1576 2055 1733 2111 citato.

227 2141 298 2207 Y.
331 2143 409 2194 18.
441 2140 637 2190 Gratias
657 2157 745 2203 ogo
772 2139 868 2188 Deo
903 2156 1038 2188 meo..

221 2220 404 2273 Rursus
441 2235 568 2268 suam
601 2219 718 2266 circa
741 2214 915 2265 donum
936 2214 1188 2278 linguarum
1210 2220 1397 2264 testatur
1423 2195 1670 2271 existimati

146 2318 295 2360 mem,
323 2299 384 2348 ob
407 2296 514 2346 illud
530 2292 632 2344 Deo
652 2296 811 2358 gratias
830 2309 988 2356 agens,
1016 2288 1211 2338 Gratias
1232 2309 1321 2354 ogo
1340 2292 1439 2340 Deo
1453 2309 1585 2351 mco,
1608 2282 1725 2357 quda'

142 2379 367 2429 omnium
384 2371 590 2426 vestr-tim
613 2372 774 2436 linguis
793 2370 921 2436 loqui
942 2370 1172 2420 noverim.
1195 2363 1279 2418 Gr.
1291 2365 1401 2418 Plus
1414 2383 1551 2436 quam
1564 2386 1720 2423 omne=
1756 2370 1757 2374 ’

143 2460 316 2526 linguis
354 2458 534 2523 loquor.
564 2452 675 2504 Hoc
697 2450 790 2503 Dei
815 2452 990 2502 donum
1027 2458 1123 2513 est,
1163 2448 1364 2516 illudque
1397 2449 1539 2517 pluris
1578 2450 1716 2504 facio.

146 2543 326 2592 tantum
343 2538 473 2587 abest
497 2542 547 2585 ut
570 2541 883 2584 contemnam.

219 2610 280 2674 fi.
309 2633 388 2684 ¹9·
411 2612 506 2661 Sed
535 2612 585 2659 in
612 2609 876 2660 Ecclesia...
882 2604 1254 2658 .Nihilominus
1290 2604 1449 2655 malo
1434 2621 1485 2655 m
1520 2573 1713 2673 fideliuu
1752 2607 1755 2618 ¹

142 2702 413 2756 conventu,
445 2706 671 2757 qumque,
693 2688 741 2738 id
758 2695 858 2752 est,
887 2704 1028 2753 pauca
1048 2685 1206 2737 verba.
1229 2679 1383 2733 Sensu
1404 2702 1536 2746 meo,
1565 2668 1701 2739 idest

140 2777 303 2827 sciens
338 2781 384 2822 et
420 2769 675 2834 intelligens
695 2784 801 2833 quae
826 2726 935 2818 dico
967 2774 1015 2817 et
1036 2783 1089 2816 ea
1111 2763 1270 2814 valens
1302 2765 1605 2832 interpretari.
1628 2755 1708 2816 Sei

140 2871 293 2924 pauca
316 2852 484 2913 verba,
512 2853 538 2900 a
577 2867 653 2900 me
680 2846 934 2911 intellecta,
967 2853 1015 2898 et
1047 2844 1145 2898 aliis
1178 2846 1206 2894 a
1229 2859 1308 2896 me
1313 2842 1579 2945 explicata,
1600 2840 1705 2911 loqu

140 2934 208 2986 ad
231 2932 410 2984 illorum
428 2931 791 2981 instructionem.
1344 2953 1347 2955 v
