1760 3210
0 2779 2 2825 t

380 86 636 144 ‘ricimiri
644 84 925 145 Ὲκὺοειτιο.
965 90 1085 160 Cap.
1126 82 1250 146 XII.
1506 94 1606 148 333

14 180 358 242 fedissimum,
403 179 512 231 εἰπέ
536 178 616 231 ad
629 178 783 230 futura
816 180 1137 246 praedicenda,
1162 184 1261 233 sive
1285 180 1343 233 ad
1365 183 1604 250 scripturas

0 260 331 312 abstrusiores
358 258 664 325 explicandas.

105 331 256 387 Adde
263 335 388 401 quod
410 343 465 385 et
477 351 563 400 per
577 336 808 400 sapientiae
823 334 1028 398 donum,
1059 338 1213 411 omnia
1232 338 1370 386 etiam
1386 316 1602 388 altissima

1 413 152 467 fidei
173 417 385 482 mysteria
410 414 679 479 intelligam:

79 483 213 544 Ῑῐηὸ
230 500 282 542 et
291 491 415 557 quod
437 508 518 557 per
536 493 737 542 scientiae
759 490 930 541 donum
952 526 967 554 ,
1011 490 1083 541 illa
1102 490 1198 540 aliis
1229 491 1519 557 intelligenda
1558 501 1605 543 et

37 573 162 639 qnasi
186 570 404 637 palpanda
421 586 691 641 proponam.

73 645 246 699 :Adde
269 639 457 696 tandern
488 647 611 712 quod
654 653 825 697 tantam
853 655 1036 713 tamque
1060 649 1290 698 intensam
1327 642 1476 697 fidem
1511 646 1603 698 ha-

11 723 199 788 beant,
222 733 271 775 ut
295 725 475 776 montes
498 724 738 776 transferre
774 728 972 791 possim,
997 742 1159 794 resque
1196 725 1395 776 insotitas
1424 733 1472 813 et
1501 733 1605 776 stu-

36 802 215 869 pendas
234 802 447 855 efficere:
1482 818 1484 821 ’

111 880 161 933 Si
183 890 337 933 tamen
363 882 625 936 charitatem
645 901 740 934 non
775 882 1001 944 habuer0‚
1030 882 1189 933 nullius
1208 883 1330 950 apud
1349 880 1504 934 Deum
1527 899 1606 934 ero

40 962 202 1028 pretii,
228 960 482 1027 nultiusque
499 965 671 1013 meriti.

74 1037 202 1091 Ista
227 1041 413 1108 quidem
437 1060 597 1108 magna
619 1052 748 1106 sunt,
769 1044 849 1094 sed
869 1060 955 1109 ego
971 1042 1085 1094 nihil
1107 1054 1225 1095 suin.
1261 1037 1557 1109 Augustinus.

106 1110 171 1170 5ss
185 1114 235 1166 3.
255 1118 324 1167 'Et
344 1121 389 1167 si
406 1120 734 1172 distribuero...

108 1192 329 1261 Magnum
369 1201 479 1248 sane
518 1206 562 1247 et
588 1206 740 1247 rarum
766 1206 833 1248 est
855 1200 1007 1247 omnia
1034 1217 1110 1248 sua
1149 1203 1196 1249 in
1231 1217 1480 1267 pauperum
1502 1214 1608 1248 usus

43 1288 230 1338 erogare
260 1293 271 1323 :
301 1277 443 1337 maius
473 1282 515 1325 et
541 1276 678 1324 rarius
700 1282 767 1324 est
804 1291 965 1338 corpus
994 1291 1124 1323 suurn
1147 1292 1258 1339 rogo
1283 1274 1457 1325 tradere
1478 1290 1606 1324 com-

43 1350 316 1403 burendum.

113 1427 246 1483 Licet
262 1427 421 1482 ‘tamen
459 1449 620 1482 omnes
658 1448 782 1481 meas
805 1430 1056 1490 serenitates,
1081 1449 1173 1481 non
1199 1441 1374 1499 partem
1396 1435 1572 1484 tantirm
1592 1469 1608 1493 ,

47 1506 130 1557 sed
155 1519 318 1561 omnes
335 1548 348 1573 ‚
378 1511 650 1578 pauperibus
675 1509 927 1560 nutriendis
952 1507 1242 1560 distribuerO.

115 1589 224 1642 Hoc
247 1590 563 1656 opitulationes
586 1595 775 1653 spectat.

114 1663 244 1716 Licet
266 1683 375 1731 ergo
397 1683 559 1729 corpus
593 1683 747 1714 meum
781 1663 1086 1724 (miserorum
1108 1661 1406 1726 juvandorum
1441 1655 1610 1726 gratia)

31 1733 238 1796 *flammis
264 1743 521 1802 tradidero,
559 1744 617 1791 ita
645 1749 691 1790 ut
724 1743 857 1790 vivus
883 1741 1089 1799 ardeam,
1125 1756 1224 1804 quae
1247 1756 1368 1788 mors
1395 1747 1462 1788 est
1499 1755 1609 1788 om·-

44 1824 172 1872 nium
193 1823 445 1881 teterrhna,
467 1813 527 1871 ait
547 1818 607 1870 D.
625 1815 996 1885 Chrysostomus.

118 1893 169 1946 Si
195 1894 294 1946 haec
318 1899 416 1946 sine
442 1896 655 1945 charitate
680 1905 754 1945 aut
772 1894 931 1945 faciam
950 1902 1024 1945 aut
1043 1896 1203 1961 patiar,
1223 1890 1336 1943 nihil
1358 1891 1470 1942 mihi
1495 1907 1608 1956 pro-

49 1971 211 2023 derunt
240 1973 298 2022 ad
323 1976 462 2023 vitam
485 1981 716 2022 aeternam.

75 2075 81 2081 ’
119 2047 236 2102 Haec
259 2061 443 2116 possunt
478 2053 539 2100 ob
577 2054 759 2101 inanem
779 2052 966 2117 gloriam
989 2052 1085 2101 fieri
1105 2088 1119 2113 ‚
1151 2052 1263 2101 sicut
1284 2045 1611 2116 Apostotorum

50 2140 260 2198 tempore
285 2132 549 2196 peregrinus
574 2130 898 2198 philosophus,
922 2130 1100 2198 publice
1132 2133 1178 2180 in
1203 2128 1319 2179 ludis
1343 2128 1626 2194 olympiciS„

49 2226 130 2278 pro
162 2206 284 2260 inani
322 2210 487 2276 gloria,
529 2229 631 2261 sese
663 2210 857 2260 flammis
885 2210 1065 2261 tradidit
1097 2209 1475 2260 comburendum.
1499 2204 1608 2258 Hoc

35 2290 182 2341 ‘refert
201 2289 454 2353 Lucianus,
480 2295 556 2358 qui
576 2309 776 2358 praesens
798 2292 968 2341 aderat.

96 2367 191 2421 'Ex
210 2367 339 2422 dictis
357 2373 668 2424 concludenda
688 2379 822 2423 restat
842 2411 856 2435 ‚
884 2390 979 2422 non
998 2371 1138 2421 modo
1158 2369 1381 2420 charitatis
1412 2368 1608 2435 praecel·

43 2450 205 2511 lentia‚
232 2450 314 2521 §ed
339 2459 384 2501 et
403 2455 649 2502 necessitas
671 2446 894 2503 absoluta.

112 2526 224 2581 Sine
247 2528 460 2582 charitate
486 2529 597 2581 mihi
618 2531 784 2581 inutilia
807 2538 910 2581 sunt
931 2531 1083 2580 omnia
1106 2527 1387 2580 charismata.

114 2603 224 2656 Sine
262 2604 476 2656 charitate
511 2603 624 2656 mihi
651 2623 745 2656 non
782 2614 970 2671 prosunt
1007 2609 1161 2657 omnia
1199 2608 1417 2656 virtutum
1439 2619 1608 2670 opera,

47 2682 183 2732 etiam
201 2683 424 2731 rarissima
444 2691 489 2733 et
508 2682 786 2734 difficillima.

116 2758 289 2811 Omnia
312 2769 464 2811 nostra
490 2766 714 2812 exteriora
747 2761 876 2813 Deus
897 2764 1084 2813 aestimat
1104 2779 1164 2812 ex
1192 2759 1434 2820 charitate3
1461 2762 1612 2826 ipsum

43 2842 311 2907 martyrium
332 2855 392 2889 ex
412 2838 629 2892 charitate
651 2851 828 2909 pensat.

112 2916 273 2974 Debet
290 2936 398 2985 ergo
421 2917 611 2970 charitas
632 2927 736 2971 ante
762 2922 917 2970 omnia
937 2918 1198 2971 desiderari.
