1760 3210
471 75 702 116 'rumex
741 75 1056 112 nmmum·
1073 59 1192 128 Cap.
1224 60 1291 114 X.
1548 50 1552 53 ³
1574 83 1603 115 2
1615 82 1634 116 ι
1645 84 1678 135 9

358 344 743 431 ANALYSIS
780 342 1088 409 CAPITIS
1126 344 1427 403 DECIMI.

101 476 294 572 CAPur
312 541 491 572 nonum
508 523 674 570 Paulus
696 523 930 577 absolvit,
950 532 1154 570 tremens
1176 540 1234 570 ne
1257 525 1484 586 reprobus
1507 525 1679 574 efficia-

97 593 204 645 tur3
225 585 405 648 hocque
425 602 510 631 suo
537 595 735 631 tremore
751 619 764 639 ‚
787 602 876 631 nos
893 585 1018 630 idem
1035 601 1193 630 secum
1218 584 1379 630 timere
1402 586 1581 632 docuit.

158 646 216 690 In
237 645 399 708 primis
412 656 567 692 autem
587 646 726 708 hujus
753 662 801 691 ca
844 646 917 692 itis
940 646 1176 699 versibus,
1209 662 1346 691 suum
1377 656 1423 692 et
1459 658 1674 696 nostrum
1696 686 1700 690 .

93 703 314 753 timorem
336 708 603 762 confirmat,
646 663 862 770 exemplo
891 716 1100 754 veterum
1122 706 1424 768 Hebraeorum
1451 710 1557 754 vere
1581 720 1675 755 tre-

93 767 270 814 mendo
289 787 300 813 t
344 767 455 815 lic-et
476 769 603 814 enim
644 767 810 814 iisdem
854 784 1018 814 omnes
1037 768 1058 812 ὲ
1098 768 1198 814 Deo
1233 768 1470 814 beneficiis
1487 802 1499 822 ‚
1533 771 1674 817 etiam

93 829 339 891 stupendis
359 839 406 875 et
423 830 644 875 inauditis
660 865 675 886 ,
690 830 919 892 praeventi
943 829 1116 874 suerint
1135 847 1148 887 3
1170 828 1383 936 pleriaue
1402 839 1556 876 tamen
1578 864 1595 890 ‚
1611 831 1673 877 ob

50 918 59 920 ἡ
93 886 476 950 ingratitudinem
515 906 642 936 suam
661 924 675 949 ‚
717 900 866 936 morte
888 890 1045 953 puniti
1086 901 1195 936 sunt
1218 890 1267 936 in
1328 901 1509 937 eserto:
1538 891 1599 936 ita
1622 902 1674 939 ut

84 947 120 993 ’ὲ
142 951 371 996 sexcentis
389 949 614 1005 millibus,
632 951 731 996 duo
752 953 936 997 tantiim
967 950 1184 997 homines
1211 961 1377 998 terram
1395 952 1674 1015 promissam

76 1007 141 1056 in
177 1011 286 1056 ressi
306 1011 494 1056 fuerint.
777 1022 780 1024 ’

89 1083 92 1087 ·
144 1024 295 1129 ᾖδες,
335 1071 398 1117 ait
422 1070 590 1116 Paulus
605 1104 620 1124 ,
643 1077 694 1119 is.
733 1072 778 1116 6.
812 1072 957 1133 figura
994 1072 1145 1119 nostri
1183 1083 1308 1120 suut.
1350 1072 1557 1134 Populus
1589 1073 1669 1121 ille

89 1132 241 1178 nostri
273 1132 449 1193 figur-33
472 1131 699 1177 beneficia
718 1131 971 1178 viatoribus
988 1133 1079 1178 illis
1099 1134 1315 1179 omnibus
1340 1134 1506 1179 collata
1528 1166 1542 1192 ‚
1566 1151 1670 1196 gra-

90 1191 256 1238 tiarum
275 1191 410 1239 nobis
433 1191 650 1239 omnibus
678 1192 727 1237 in
746 1192 832 1238 hac
860 1194 1233 1255 peregrinatione
1262 1194 1532 1240 collatarum
1553 1199 1668 1257 ligu-

89 1268 168 1312 ra3
204 1258 488 1315 ingratorum
517 1253 706 1299 illorum
732 1254 945 1315 punitiO,
969 1254 1197 1300 matorum
1221 1255 1357 1300 nobis
1388 1256 1670 1318 impenden-

87 1312 342 1360 tiumrudis
364 1315 611 1361 delineatio
637 1348 652 1375 ‚
673 1314 710 1359 si
735 1315 853 1360 sicut
875 1315 940 1360 illi
963 1315 1190 1361 fuerimus
1221 1316 1452 1361 malorum
1491 1333 1667 1364 concu-

86 1373 338 1436 piscentes,
349 1375 627 1438 idololatrae‚
645 1375 904 1436 fornicarii,
923 1386 1181 1424 tentatores
1196 1377 1391 1436 Chi-isti,
1406 1395 1664 1425 murmura·

85 1443 230 1482 tores.

149 1495 262 1544 Haec
282 1515 438 1544 rursus
455 1533 469 1552 ,
500 1498 565 1544 ait
585 1503 635 1546 it.
661 1514 677 1541 ι
693 1514 707 1541 1
732 1530 747 1556 .·
772 1507 880 1545 sunt
899 1496 1124 1543 malorum
1148 1499 1285 1545 nobis
1316 1500 1666 1561 contingendo·

86 1570 190 1602 rum
208 1560 470 1621 praenuntia
488 1596 504 1620 ‚
517 1569 563 1605 et
585 1557 720 1603 nobis
738 1558 1005 1604 erudiendis
1024 1560 1314 1622 conscripta3
1333 1571 1384 1605 ut
1400 1577 1487 1606 nos
1504 1562 1663 1607 Chris-

86 1617 202 1663 tiani
222 1652 235 1672 ,
251 1620 330 1680 qui
350 1621 399 1666 in
420 1621 581 1666 ultima
605 1619 768 1664 mundi
802 1629 936 1665 aetate
971 1621 1174 1667 vivimus
1199 1654 1211 1675 ,
1235 1621 1391 1667 alieno
1420 1619 1658 1685 sapiamus

85 1679 320 1742 exemplo.
1259 1706 1266 1709 κ

146 1738 310 1802 Itaque
347 1747 398 1789 is.
443 1756 515 1790 12.
560 1741 649 1786 ait:
677 1739 768 1797 Qui
795 1749 930 1801 putat
949 1757 998 1787 se
1036 1751 1186 1796 stare,
1220 1753 1376 1789 caveat
1409 1760 1470 1790 ne
1497 1743 1651 1805 cadat3

89 1797 213 1846 sicut
231 1811 458 1848 steterunt
479 1802 575 1855 illi,
593 1811 637 1846 et
659 1801 945 1846 ceciderunt.
1364 1809 1367 1813 “

143 1860 216 1907 «ΝΘ
238 1862 382 1907 nimio
405 1873 560 1909 tamen
598 1863 764 1907 timore
797 1861 1075 1922 dejiciantur
1093 1862 1326 1910 Corinthii
1346 1899 1359 1919 ‚
1381 1872 1428 1914 ὴ.
1461 1867 1529 1911 13.
1551 1883 1660 1929 pre-

85 1929 215 1966 catur
238 1931 289 1967 ut
309 1939 406 1968 non
425 1924 575 1984 gravis
614 1938 692 1968 eos
712 1922 904 1969 invadat
925 1924 1120 1970 tentatio
1139 1941 1154 1984 ;
1195 1943 1450 1988 eorumque
1474 1929 1657 1974 animos

84 1995 168 2043 spe
189 1981 238 2027 in
260 1983 404 2028 Deum
426 1984 576 2045 erigit.

147 2047 196 2089 5!-
245 2044 316 2099 14.
355 2045 580 2098 Terrore,
620 2043 681 2089 ob
713 2041 926 2106 superins
961 2041 1113 2097 dicta,
1151 2044 1408 2091 Corinthiis
1435 2047 1652 2107 incusso,

82 2101 228 2148 utitur
245 2103 306 2148 ad
325 2120 403 2149 eos
416 2104 695 2151 avertendos
710 2103 767 2148 ab
790 2102 1087 2163 idolothytis,
1111 2121 1214 2165 quae
1238 2106 1315 2152 hic
1339 2107 1652 2155 idololatriam

80 2165 240 2225 aperti:
257 2165 500 2225 nominat,
554 2168 623 2212 uia
645 2166 820 2213 scilicet
841 2165 1219 2226 participationes
1261 2180 1371 2214 sunt
1403 2169 1656 2217 sacrificio·

82 2239 185 2271 runi
208 2224 451 2272 daemoniis
472 2226 531 2272 ob
554 2238 751 2274 ntorum.

144 2290 194 2333 ᾗ.
221 2286 290 2332 16.
309 2287 437 2334 Sicut
461 2287 579 2333 calix
599 2288 898 2340 benedictus,
938 2302 1018 2332 seu
1039 2286 1385 2334 Eucharisticus
1403 2323 1416 2344 ‚
1445 2308 1655 2339 commu·

80 2343 254 2392 nicatio
272 2357 340 2393 est
360 2348 596 2409 sanguinis
613 2350 784 2396 Christi
800 2366 813 2408 3
830 2358 875 2394 et
896 2348 1029 2411 panis
1045 2359 1342 2394 consecratus
1359 2384 1370 2402 ,
1390 2354 1655 2399 communi·

82 2406 203 2451 catio
219 2410 428 2470 corporis
447 2410 631 2456 Domini
650 2411 738 2456 :ita
754 2410 975 2463 libamen,
991 2418 1036 2455 et
1050 2409 1314 2471 idolothyta
1343 2423 1453 2457 sunt
1465 2415 1653 2475 partiei-

82 2471 298 2531 pationes
324 2485 426 2514 cum
451 2468 711 2519 daemoniis.

143 2535 194 2578 v.
228 2529 296 2574 18.
319 2530 447 2575 Sicut
467 2530 683 2579 Israelitae
711 2533 768 2578 dc
785 2531 983 2579 victimis
1004 2530 1197 2575 edentes
1213 2565 1225 2585 ‚
1257 2531 1401 2577 oblati
1436 2532 1652 2583 sacrificii

78 2598 189 2636 Sunt
209 2591 484 2653 participes3
502 2592 562 2638 ita
586 2608 688 2647 vos,
713 2595 741 2640 ὃ
758 2591 1016 2640 Corinthii!
1049 2590 1312 2654 idolothyta
1330 2593 1654 2655 comedentes,

78 2648 289 2710 sacrilegi
315 2652 525 2698 sacrificii
548 2656 795 2718 participes
816 2654 938 2701 estis,

141 2713 196 2757 ir.
217 2724 292 2754 20.
329 2721 417 2756 etc.
456 2713 578 2762 'Nolo
611 2727 764 2762 autem
802 2732 887 2762 vos
923 2713 1216 2766 Christianos
1255 2715 1355 2762 fieri
1387 2715 1659 2764 daemonum

78 2769 246 2816 socios.
269 2770 376 2816 Non
399 2783 555 2834 potest
579 2777 683 2838 quis
704 2777 858 2823 altaris
880 2774 1055 2820 Christi
1074 2808 1089 2828 ‚
1129 2786 1175 2822 et
1198 2777 1355 2823 altaris
1387 2777 1654 2825 daemonum

77 2845 178 2900 esse
199 2834 447 2895 particeps.
470 2833 572 2884 Hoc
601 2847 671 2884 est
701 2838 951 2885 Dominum
982 2835 1177 2894 irritare,
1192 2849 1239 2886 et
1254 2840 1384 2903 quasi
1402 2840 1462 2886 ad
1483 2839 1662 2902 zeloty-

27 2911 30 2915 ⁴
81 2904 207 2954 piam
225 2910 499 2958 provocare.
