1760 3210
389 98 612 147 ‘rnrprffix
647 97 937 145 Exposi'rm.
978 88 1109 156 Cap.'
1141 87 1300 141 Vn>
1510 93 1607 162 '169

32 180 266 252 agninas
305 187 596 236 matrimonio
632 186 687 233 sit
727 180 1039 249 praeferenda,
1078 180 1248 231 scilicet
1280 179 1342 231 ob
1376 183 1609 246 majorem

29 262 288 318 facultatem
315 263 473 316 Deum
492 262 792 320 obsecrandi;
819 259 1133 327 quasidiceret
1159 279 1169 308 :

101 340 202 394 Vos
227 347 254 393 a
278 344 488 407 conjugio
525 338 792 399 dehortans,
841 345 887 387 et.
921 335 979 386 ad
1018 335 1282 385 coelibatum
1324 334 1606 398 exhortans,

30 429 149 489 'opto
176 439 276 474 vos
290 421 460 471 liberos
481 423 507 467 a
530 435 680 468 rerum
716 418 946 474 inanium
974 423 1017 465 et
1040 415 1172 463 brevi
1195 415 1491 477 periturarum
1510 413 1612 466 sol-

31 497 292 588 licitudinej
329 505 379 548 ut
401 494 507 546 Deo
530 502 575 545 et
593 496 728 544 rebus
751 493 918 542 divinis
937 494 1107 541 vacetis
1128 491 1327 539 liberius,
1595 506 1598 509 ⁸

108 574 208 639 Qui
226 575 328 624 sine
349 590 493 624 uxore
513 582 632 623 est..
663 570 748 624 Gr.
777 573 946 623 coelebs
966 579 1090 621 curat
1111 586 1213 637 quae
1239 566 1464 634 Domini,
1495 588 1611 636 quo·-

33 654 176 706 u'lodo
198 655 378 721 placeat
406 650 631 705 Domino.

46 754 49 758 ·
104 729 216 784 Hoc
230 749 374 783 unum
390 736 500 798 agit,
525 731 638 783 nihil
661 723 780 783 aliud
797 769 810 791 ‚
829 739 903 781 aut
926 731 1007 780 vix
1029 729 1149 779 aliud
1174 729 1315 780 habet
1333 729 1457 797 quod
1478 738 1611 796 agat,

35 812 124 862 nisi
147 818 195 860 ut
212 814 378 876 cogitet
409 811 467 862 de
490 806 731 872 Domino,
753 812 905 876 illique
932 809 1113 874 placere
1133 809 1328 859 studeat.

104 883 159 942 Ϋ.
189 887 272 939 33.
292 889 391 955 Qui
405 900 562 939 autem
585 909 693 939 cum
718 908 863 938 uxore
882 899 1004 938 est...
1030 885 1263 939 Uxoratus
1298 897 1451 938 autem
1489 888 1619 943 'solli-

39 966 155 1014 citus
181 972 251 1013 est
279 964 337 1013 de
356 967 492 1015 rebus
514 964 646 1029 hujus
684 966 864 1028 mundi,
902 974 949 1014 et
975 967 1204 1031 quomodo
1239 967 1433 1030 placeat
1465 966 1620 1016 uxort'.

41 1036 162 1092 Cura
179 1040 400 1090 uxoriset
417 1041 634 1103 filiorum,
659 1046 873 1106 cogitatio
896 1043 1054 1092 mundi
1072 1049 1153 1102 est,
1180 1044 1240 1092 ait
1259 1040 1552 1094 Ambrosius,

112 1119 176 1167 Et
195 1118 367 1168 diuisus
383 1127 466 1168 est.
502 1115 687 1169 Christo
710 1123 836 1168 enirn
857 1123 998 1169 servit
1023 1121 1079 1169 ad
1096 1120 1329 1183 salutem,
1362 1121 1538 1171 mundo
1559 1122 1623 1171 ob

42 1208 265 1255 uxorem3
285 1200 442 1263 sicque
457 1199 577 1246 curis
605 1197 777 1246 divisus
808 1205 876 1247 est
900 1206 944 1246 et
967 1198 1219 1247 distractus.

111 1271 263 1325 Aliter
288 1273 475 1326 Graecus
498 1285 648 1327 textus
672 1275 921 1325 hodiernus
937 1283 979 1324 ct
1001 1273 1164 1341 Syrm,
1183 1284 1228 1325 et
1256 1285 1435 1327 sanctus
1461 1274 1626 1354 Chry-

30 1360 274 1427 usostomus
294 1371 397 1404 cum
415 1357 546 1404 suis,
584 1358 776 1419 jungunt
800 1357 922 1403 enim
945 1353 1036 1403 hoc
1060 1357 1255 1404 verbum
1283 1372 1387 1404 cum
1423 1351 1631 1420 sequen·-

44 1424 187 1496 tibus,
216 1433 481 1500 faciuntque
505 1451 724 1484 sensum:
748 1433 908 1483 divisae
926 1441 1028 1482 sunt
1062 1434 1224 1484 mulier
1246 1444 1290 1484 et
1318 1438 1478 1500 virgo;
1511 1451 1590 1485 seu
1612 1467 1628 1496 ‚

47 1516 98 1561 ut
120 1513 181 1561 ait
195 1509 353 1578 Syrus,
383 1529 523 1576 porro
543 1511 799 1561 differentia
823 1520 892 1560 est
916 1514 1034 1560 inter
1052 1512 1288 1562 mulierem
1322 1521 1368 1562 et
1386 1514 1631 1576 virginem.

0 1621 2 1653 χ
51 1599 63 1601 ’
115 1587 211 1640 Sed
241 1587 301 1640 D.
325 1587 642 1656 Hieronymus
663 1591 822 1637 asserit
840 1587 959 1636 hanc
979 1588 1226 1658 lectionem
1253 1607 1346 1638 non
1374 1607 1474 1640 esse
1500 1588 1633 1656 Apo-

50 1666 223 1719 stolicae
244 1668 463 1716 veritatis.

40 1808 45 1810 Π
88 1767 90 1769 ·
117 1743 186 1809 Υ.
208 1746 292 1808 34.
320 1747 379 1799 Εἰ
393 1746 559 1795 mulier
584 1748 813 1811 innupta,
845 1751 891 1791 el
919 1744 1115 1806 virga...
1137 1742 1274 1793 Idem
1289 1747 1445 1794 asserit
1469 1744 1532 1795 de*
1551 1744 1635 1796 fe·-

49 1827 228 1876 minino
263 1842 376 1875 sexu
396 1861 410 1888 ‚
438 1832 513 1874 aut
553 1824 743 1885 coelibe,
770 1830 845 1873 aut
872 1829 1066 1871 uxorato
1085 1858 1097 1882 ‚
1129 1822 1255 1889 quod
1285 1825 1408 1888 prius
1436 1823 1551 1874 dixit
1577 1823 1637 1874 de

53 1905 323 1957 masculino.

123 1979 300 2028 Mulekr
323 1980 544 2044 innupta,
569 1987 615 2028 et
637 1981 839 2029 maxime
861 1981 991 2043 virgo
1012 2014 1026 2040 ‚
1055 1974 1256 2042 conjugii
1283 1995 1467 2044 expers,
1504 1980 1638 2031 unice

53 2047 206 2108 studet
232 2049 279 2105 ut
308 2053 484 2119 placeat
507 2051 613 2103 Deo
630 2092 643 2116 ‚
663 2053 846 2118 hocque
870 2071 1013 2102 unum
1033 2061 1154 2102 curat
1172 2088 1187 2111 ,
1211 2062 1258 2102 ut
1275 2062 1425 2102 sancta
1446 2057 1502 2103 sit
1528 2072 1640 2104 cor-

54 2135 167 2205 pore
192 2146 238 2188 et
274 2139 447 2203 spiritu.
477 2136 599 2202 Quoe
639 2146 798 2185 autem
853 2145 1002 2202 nupta
1042 2146 1124 2184 est.
1149 2173 1178 2186 ..
1205 2138 1371 2200 cogitat
1413 2136 1471 2185 de
1503 2138 1638 2186 rebus

56 2212 247 2274 mundi,
275 2221 321 2262 et
342 2211 495 2262 studet
519 2211 697 2278 placere
722 2215 913 2270 marit0;
948 2212 1086 2260 comit
1126 2227 1176 2259 se
1203 2209 1343 2259 oculis
1364 2213 1476 2273 ejus,
1504 2213 1639 2277 eique

58 2294 211 2341 mores
244 2306 349 2339 suos
371 2289 719 2348 accommodat3
746 2291 902 2355 sicque
924 2298 969 2338 et
1010 2287 1270 2348 dioisaffest,
1305 2287 1415 2337 dum
1454 2285 1638 2339 Christo

33 2366 114 2418 'ad
133 2366 323 2416 satutem
345 2365 522 2432 placere
550 2367 730 2425 studet,
763 2375 806 2416 et
838 2366 1010 2416 mundo
1036 2365 1095 2413 ob
1123 2368 1348 2416 maritum.

130 2440 284 2505 Quam
307 2444 555 2507 periculosa
575 2453 647 2493 est
685 2442 756 2492 illa
784 2443 949 2492 divisio
970 2479 981 2499 ,
1011 2442 1090 2491 ubi
1134 2439 1248 2493 Deo.
1266 2458 1390 2508 saepe
1434 2444 1653 2494 tribuitur·

66 2527 173 2597 'pars
199 2525 416 2585 minima;
439 2526 605 2587 potior,
632 2523 823 2574 mundo.

134 2598 296 2671 Quam
319 2601 491 2652 facilius
513 2611 580 2652 est
601 2600 708 2653 Deo
738 2611 882 2652 toturn
909 2603 1380 2667 cortribuere‚quam
1406 2605 1648 2669 justeillucf

64 2679 184 2730 iuter
206 2675 362 2743 Deum
392 2677 437 2728 et
464 2696 685 2740 uxorem,
709 2688 783 2729 aut
806 2682 1016 2729 maritum
1039 2679 1243 2729 dividere
1268 2679 1279 2730 l

67 2748 71 2752 ¹
132 2752 200 2818 Y.
225 2753 308 2804 35.
330 2750 479 2805 Porro
500 2758 589 2806 hoc
612 2759 682 2807 od
696 2761 1015 2809 utilitalem....

131 2830 245 2885 Hoc
267 2835 418 2901 itaque
441 2835 544 2885 dico
569 2838 636 2886 ad
655 2840 906 2887 utilitatem
929 2847 1137 2887 vestram
1156 2856 1174 2897 ;
1210 2837 1258 2888 id
1280 2846 1373 2902 est,
1400 2839 1510 2891 durn
1531 2845 1638 2893 vir-

63 2908 301 2978 ginitatem
321 2914 457 2964 vobis
478 2915 775 2980 commendO,
793 2915 851 2966 ad
867 2924 1070 2969 vestrum
1082 2916 1338 2986 profectum
1358 2921 1636 2983 spiritualem

318 2996 371 3032 11.
1396 2987 1429 3038 8
