1760 3210
461 128 708 187 ''ruitur-:x
738 131 1042 186 nxPo'svrio.
1081 133 1198 200 Cap.
1237 124 1361 182 XV.
1469 114 1472 115 ⁷
1599 127 1701 200 389

192 218 250 275 In
282 221 374 274 fide
410 209 752 275 resurrectionis
782 222 1093 283 salvabimini,
1130 224 1167 271 si
1200 238 1301 271 eam
1335 219 1517 270 creditis
1562 217 1699 269 talem

126 302 306 368 qualem
333 304 468 352 vobis
491 301 764 368 praedicavi,
789 299 959 350 scilicet
979 299 1148 349 realem
1171 307 1218 348 et
1240 296 1524 363 corporalem
1553 313 1699 348 resur·

126 382 387 432 rectionem
410 383 458 431 in
481 381 575 431 fine
595 379 754 431 mundi
778 377 989 428 suturam.

198 459 316 508 Nisi
324 456 519 522 frustrc‘z
553 458 844 517 credidistis,
873 456 918 504 id
951 463 1050 517 est,
1085 453 1190 503 alias
1221 453 1383 504 frustra
1419 429 1698 507 credidistis.

131 530 353 589 Ostendit
377 538 542 605 quod'
529 556 576 589 m
598 540 744 604 capite
767 535 888 586 fidei
905 542 1092 599 accepta
1114 536 1170 583 sit
1192 533 1347 600 plaga,
1378 537 1438 585 ait
1461 532 1525 585 D.
1547 531 1700 604 Chry

127 619 381 665 sostomus.

197 688 340 741 Fides
363 709 489 742 verae
514 699 559 742 et
591 692 721 742 realis
759 708 1000 757 corporum
1027 689 1371 749 resurrectionis
1406 696 1472 738 est
1504 647 1625 739 basis
1654 698 1701 741 et

129 767 478 820 fundamentum
515 767 786 820 Christianae
817 768 1046 832 religionis
1067 787 1078 824 ;
1103 783 1211 829 ergo
1233 774 1281 814 et
1306 766 1426 831 basis
1445 765 1596 815 salutis
1624 781 1701 815 ae«

129 853 308 904 lernau
348 863 458 911 ergo
476 884 489 908 ‚
514 848 600 895 nisi
625 845 854 906 credatur,
879 843 1039 893 frustra
1061 844 1240 908 quidvis
1261 841 1379 891 aliud
1403 842 1617 894 creditur.

201 917 258 976 Ῠ.
280 921 326 972 3.
361 923 558 971 Trade‘di
582 925 706 973 enim
738 924 958 974 vobis...
992 918 1185 984 Scriptis
1216 921 1367 986 itaque
1399 929 1561 986 repeto
1595 939 1698 987 quae

128 998 288 1048 verbis
310 1001 496 1048 astruxi.
980 990 986 994 ⁸

199 1068 261 1114 In
280 1070 453 1132 primis
458 1081 482 1124 ,⁶
507 1066 553 1115 id
579 1075 646 1116 est
662 1104 677 1129 ‚
721 1069 838 1117 inter
858 1069 1083 1134 praecipua
1106 1064 1380 1117 Christianae
1401 1066 1508 1118 fidet
1532 1068 1693 1132 capita,

204 1145 403 1195 Tradidi
420 1148 578 1207 vobis,
609 1147 763 1195 verbis
796 1147 990 1205 scilicet,
1026 1150 1151 1212 quasi
1177 1147 1432 1213 depositum
1453 1184 1466 1208 ,
1503 1146 1625 1212 quod
1648 1140 1716 1196 ct*

127 1229 296 1291 occepi
312 1231 337 1277 a
361 1225 568 1278 Domino
585 1264 599 1289 ‚
624 1230 788 1290 pariter
811 1231 938 1292 quasi
963 1227 1244 1292 depositum.

197 1301 333 1354 Fidei
378 1303 583 1353 doctrina
609 1303 869 1369 depositum
899 1312 995 1365 est,
1031 1308 1062 1352 a
1080 1301 1263 1354 Christo
1303 1303 1510 1356 Domino
1542 1305 1699 1354 datum

127 1379 394 1449 Apostolis;
428 1392 472 1434 et
499 1400 582 1450 per
612 1382 710 1432 illos
734 1400 988 1449 eorumque
1028 1385 1074 1431 in
1098 1382 1372 1449 Apostolatu
1410 1400 1698 1443 successores

129 1462 194 1513 ad
215 1480 302 1513 nos
321 1465 662 1520 transmissum,
685 1460 741 1509 ad
763 1468 980 1511 aeternam
1010 1469 1217 1511 nostram
1241 1461 1448 1511 salutem.

195 1537 307 1590 Hoc
326 1539 585 1605 depositum
609 1539 806 1589 fideliter
826 1548 1061 1589 servatum
1080 1547 1125 1589 et
1145 1539 1442 1588 observatum
1457 1575 1471 1602 ‚
1497 1537 1691 1588 salvabit

125 1627 214 1666 nos
238 1619 284 1666 in
308 1617 527 1667 aeternum
554 1636 565 1665 ε
589 1634 825 1667 servemus
853 1633 963 1681 ergo
988 1625 1036 1665 ut
1058 1616 1217 1666 salvet.

197 1692 252 1744 In
276 1694 348 1744 his
378 1703 528 1744 autem
555 1693 617 1745 D.
654 1693 787 1745 Pauli
814 1697 967 1744 verbis
1004 1695 1234 1760 duplicem
1262 1702 1371 1761 nota
1407 1693 1700 1743 traditionem

127 1772 228 1822 sine
249 1773 418 1836 scripto
443 1790 454 1819 t
476 1771 658 1821 tradidit
679 1771 859 1833 verbis,
891 1771 1015 1837 quod
1043 1772 1188 1821 verbo
1211 1772 1311 1820 sine
1329 1773 1544 1836 scriptura
1566 1785 1701 1818 rece-

127 1847 196 1913 pit
215 1843 481 1911 ApostOlus.

207 1923 453 1975 Tradidi...
475 1925 697 1990 quoniam
724 1920 938 1973 Christus
954 1931 1164 1972 mortuus
1185 1933 1271 1985 est,
1310 1926 1420 1973 vere
1449 1922 1636 1984 scilicet,
1652 1928 1698 1973 et

127 2015 225 2050 non
246 2010 520 2068 apparenter
542 2005 717 2051 tantum
740 2020 752 2050 ε
776 2001 881 2051 ideo
900 2003 1060 2051 mortis
1081 1997 1252 2049 Christi
1274 1999 1459 2049 historia
1490 2007 1582 2048 tam
1609 2015 1699 2048 ac-

130 2082 280 2129 curate
303 2081 350 2130 in
375 2077 639 2145 Evangeliis
662 2078 914 2146 descripta,
953 2088 1000 2129 ut
1028 2083 1151 2129 certo
1190 2081 1409 2128 sciremus
1431 2077 1556 2143 quod
1587 2081 1699 2128 vere

126 2166 334 2226 mortuus
351 2161 407 2209 sit
421 2178 505 2223 pro
517 2149 910 2224 peccatisnostris
924 2197 936 2221 ‚
957 2177 1049 2209 non
1069 2177 1152 2226 pro
1189 2161 1279 2208 suis
1294 2195 1308 2220 ,
1327 2161 1429 2224 quia
1445 2160 1693 2220 innocens,

128 2235 423 2301 impollutus,
467 2246 513 2287 et
548 2234 740 2286 Sanctus
776 2245 1035 2287 sanctorum
1062 2257 1073 2295 ;
1102 2235 1184 2287 sed
1210 2255 1295 2301 pro
1325 2237 1524 2296 nostris,
1564 2236 1698 2300 quasi

126 2309 293 2378 Agnus
315 2311 406 2364 Dei
434 2316 482 2364 in
505 2311 734 2365 Paschate
759 2314 838 2363 suit
862 2314 1136 2364 immolatus.

195 2390 460 2439 Secundum
480 2392 764 2456 Scripturas,
789 2386 952 2441 Mortis
975 2386 1144 2441 Christi
1171 2391 1382 2447 duritiem
1405 2391 1516 2442 lenit
1537 2398 1696 2441 aucto·

129 2467 264 2518 ritate
286 2465 617 2533 Scripturarum
636 2505 652 2530 .,
677 2471 738 2518 ait
762 2467 1090 2520 Tertullianus,

198 2540 323 2595 Nam
345 2554 390 2595 et
419 2543 672 2613 Apostolus
697 2549 924 2605 nonsine
955 2565 1098 2598 onere
1132 2549 1431 2614 pronuntians
1461 2544 1696 2597 Christum

121 2633 384 2689 mortuum,
406 2627 572 2691 adjecit
593 2628 844 2678 secundum
871 2625 1146 2693 Scripturas,
1172 2636 1222 2677 ut
1246 2628 1457 2678 duritiam
1481 2645 1696 2693 pronun-

128 2703 327 2752 tiationis
342 2700 671 2770 scripturarum
688 2707 952 2754 auctoritate
968 2705 1190 2768 molliret,
1214 2713 1260 2754 et
1283 2705 1542 2755 scandalum
1560 2705 1697 2755 audi-

44 2808 62 2816 x
127 2785 216 2834 tori
236 2792 477 2836 averteret.
497 2784 543 2836 T
547 2786 807 2837 ertullianus
823 2824 837 2850 ‚
861 2786 937 2835 lib.
966 2787 1023 2836 ad
1046 2783 1302 2852 Prax.·cap.
1331 2806 1413 2856 29.

193 2867 306 2920 Non
336 2868 442 2922 citat
471 2869 756 2939 Apostolus,
782 2875 883 2939 quia
913 2869 1162 2924 Corinthiis
1183 2882 1315 2924 notas
1336 2875 1568 2939 supponit.
1591 2870 1699 2924 lsai.

126 2943 211 3000 53.
233 2940 292 3002 Ῠ.
319 2947 393 3015 8.,
415 2951 474 3002 de
503 2943 594 3018 quo
615 2945 947 3003 Tertullianus.
969 2950 1078 3003 Hoc
1100 2960 1146 3003 et
1174 2949 1313 3003 Isaias
1335 2955 1458 3018 prior
1481 2969 1695 3018 pronun-
