1760 3210
436 81 667 122 Tmpmx
690 82 995 125 Exposmo.
1033 70 1152 136 Cap.
1187 70 1252 124 X.
1461 129 1463 131 .
1497 71 1617 126 ‚231

1 162 231 238 ,quictem
256 167 478 219 currunt,
510 158 595 208 sed
613 175 749 208 unus.
797 165 880 207 .et
903 157 1028 222 quod
1060 159 1219 211 fideles
1250 176 1432 225 prorsus
1457 177 1623 213 omnes

27 231 183 306 ‘docet
209 254 319 288 cum
352 252 487 298 cura,
518 253 624 285 cum
659 235 788 286 omni
811 232 1114 285 sollicitudine
1134 243 1180 286 et
1211 243 1408 287 tremore
1429 237 1621 290 salutem

5 315 175 383 j‘suam
199 315 390 381 operari.

115 392 260 447 Nunc
276 394 337 444 ad
362 401 554 448 textum.
1640 448 1647 453 x

123 471 251 523 Nolo
275 473 418 521 enim.
442 466 526 520 Gr.
565 473 736 518 autem.
771 461 1050 518 Ambrosius
1073 466 1180 534 legit
1203 469 1327 518 enim
1340 506 1357 530 ,
1402 473 1472 521 cui
1495 489 1619 523 con-

54 554 256 603 sentiunt
276 551 458 613 antiqua
476 542 778 610 exemplaria,
811 547 871 595 ait
890 542 1133 605 Erasmus;
1158 549 1315 614 sicque
1334 549 1494 599 melius
1513 549 1620 602 haec

53 627 296 694 cohaeren‘t
313 643 418 677 cum
437 624 745 691 superioribus
761 660 775 685 ‚
806 641 1001 690 quorum
1025 625 1138 674 ratio
1160 624 1304 675 datur.

110 702 268 770 'Quasi
307 705 506 767 diceret,
544 703 639 752 dixi
676 720 689 750 ε
727 699 947 765 Nesorte‘
981 712 1026 751 et
1046 706 1142 768 ipse
1165 706 1383 768 reprobus
1402 704 1624 770 efficiar.-

55 777 232 845 Quidni
252 779 344 830 hoc
362 778 582 830 timeam?
609 779 768 844 quidni
789 786 836 828 et
863 795 948 828 vos
970 778 1094 829 idem
1113 797 1296 830 mecum
1319 783 1542 833 timeatis?

123 856 206 910 An
247 867 436 924 propter
477 859 638 922 gratias
665 854 781 908 mihi
827 866 874 908 et
909 859 1045 911 vobis
1086 861 1112 908 a
1138 856 1244 908 Deo
1286 858 1440 922 dataS,
1487 862 1624 911 nobis

52 936 370 988 blandiemur?
398 937 601 1002 quinimo
618 972 630 996 ‚
659 936 719 985 ob
736 935 830 985 illas
854 938 990 986 nobis
1013 939 1215 987 maxime
1242 938 1515 990 timendum.

125 1014 251 1065 Nolo
281 1015 406 1063 enim
431 1032 516 1063 vos
541 1016 769 1077 ignorare.
787 1051 827 1065 ..
868 1018 1042 1066 etenim
1068 1015 1294 1066 recordari
1336 1033 1419 1066 vos
1447 1017 1586 1068 velim
1603 1055 1617 1079 ‚

42 1109 286 1149 memores
317 1101 492 1156 estote,
524 1111 778 1158 quomam,
818 1094 865 1144 id
890 1104 989 1156 est,
1018 1095 1141 1161 quod
1173 1104 1333 1160 patres
1370 1099 1543 1157 nostri,
1573 1097 1622 1147 id

30 1182 151 1237 ‘est,
179 1170 398 1235 Hebraei,
426 1170 634 1229 Judaicae
662 1177 835 1239 genti5‚
866 1177 891 1222 e
917 1191 1004 1237 qua
1039 1191 1170 1235 sum,
1201 1177 1549 1238 progenitores·
1574 1182 1625 1225 et

56 1211 327 1299 Christiana!
348 1245 632 1314 Religionis,
659 1267 796 1316 quam
819 1250 1086 1316 profitemur
1112 1266 1301 1314 omnes,
1326 1249 1560 1314 prodromi
1580 1256 1627 1301 et

36 1370 43 1375 .
56 1336 387 1379 antecessores,

132 1406 307 1456 Omnes
324 1406 407 1455 sub
427 1406 546 1454 nube
543 1402 762 1467 suerunt.

127 1482 290 1536 Primo
308 1476 784 1546 recensetbeneficia‚
802 1493 848 1535 et
865 1485 1051 1550 quidem
1070 1483 1262 1548 insignia
1277 1522 1291 1547 ,
1314 1482 1394 1534 illis
1409 1487 1624 1537 omnibus

59 1567 86 1616 a
110 1561 219 1616 Deo
241 1565 504 1616 mirabiliter
529 1564 700 1614 collata.

67 1685 71 1697 .
128 1641 244 1695 Post
268 1645 586 1695 miraculosum
623 1643 797 1692 illorum
837 1659 895 1692 ex
936 1639 1143 1710 AEgypto
1175 1659 1438 1707 egressum,
1468 1663 1628 1698 omnes

58 1723 121 1774 illi
141 1725 226 1774 sub
243 1725 393 1783 nube,
417 1723 464 1772 id
487 1731 585 1781 est,
608 1723 692 1771 sub
709 1720 917 1771 columna
920 1719 1150 1784 fuerunt,
1179 1724 1226 1770 in
1252 1739 1372 1787 qua,
1395 1731 1443 1773 ut
1468 1724 1629 1775 dicitur

18 1829 21 1832 ·
53 1799 222 1859 Exod.
265 1803 344 1857 13.
380 1823 464 1854 21.
494 1803 724 1852 Dominus
757 1802 1054 1865 proeccdebzzt
1083 1819 1160 1850 eos
1194 1802 1261 1850 ad
1293 1802 1629 1850 ostendendam

67 1882 230 1942 viam„
260 1889 305 1930 et
325 1882 434 1945 qua,
455 1888 506 1929 ut
527 1879 687 1929 dicitur
708 1876 852 1929 Num.
876 1896 924 1946 9.
953 1874 1023 1942 Y.
1058 1875 1135 1928 15.
1167 1875 1263 1940 16.‚
1280 1886 1395 1939 ete.‚
1418 1897 1494 1927 eos
1515 1897 1632 1943 ope-

66 1959 247 2017 riebat,
274 1957 354 2006 ubi
379 1957 699 2021 quiescebant;
722 1957 870 2017 nubes
891 1956 1184 2021 expandebat
1214 1974 1266 2006 se
1294 1973 1429 2023 super
1452 1965 1593 2008 castra
1612 1995 1630 2022 ‚

64 2045 115 2088 ut
138 2054 219 2088 eos
240 2037 298 2085 ab
320 2044 430 2086 aestu
458 2034 566 2084 solis
590 2042 861 2100 protegeret.

42 2152 47 2157 .
133 2114 199 2162 Et
213 2126 373 2162 omncs
394 2129 522 2160 mare
547 2107 758 2162 Rubrum
784 2111 1052 2162 miraculose
1072 2115 1374 2163 transierunt.

134 2183 195 2246 st.
218 2214 263 2244 2.
289 2195 347 2243 Et
369 2207 530 2243 omnes
553 2195 600 2242 in
629 2194 804 2258 Moyse.
834 2189 916 2243 Gr.
951 2196 997 2242 in
1023 2190 1228 2259 Moysen
1250 2195 1479 2260 baptizati
1510 2203 1636 2252 sunt,

71 2268 181 2340 Hac
194 2274 330 2323 utitur
346 2288 489 2331 voce,
517 2278 566 2320 ut
585 2273 727 2319 nostri
751 2271 1030 2334 baptismatis
1047 2306 1062 2332 ‚
1085 2279 1129 2320 et
1145 2270 1338 2321 aliorum
1363 2267 1637 2321 Christianae

65 2347 298 2413 religionis
311 2345 723 2407 sacramentorum,
742 2347 951 2396 umbram
969 2354 1010 2396 et
1024 2346 1212 2411 figuram
1225 2346 1382 2396 clarius
1394 2348 1636 2412 exprimat.

69 2471 71 2473 ,
145 2426 362 2475 Omnes
341 2445 390 2474 m
418 2426 616 2489 Moyse,
650 2423 698 2473 id
722 2432 821 2486 est,
849 2421 1022 2490 Moyse
1041 2424 1157 2474 duce
1175 2432 1221 2474 et
1238 2422 1529 2483 administro,
1550 2440 1633 2472 seu

73 2524 158 2574 per
179 2505 383 2575 Moysen
400 2545 415 2570 ,
443 2509 590 2587 gentis
627 2504 878 2556 Hebraicae
903 2506 1097 2570 ducem,
1125 2514 1172 2557 et
1198 2506 1366 2556 divinae
1391 2504 1634 2556 voluntatis

0 2575 2 2583 ’
63 2589 193 2640 inter
213 2606 294 2640 eos
314 2590 568 2639 ministrum
594 2594 638 2637 et
657 2590 968 2653 interpretem.

149 2670 367 2736 Quodam
387 2673 530 2725 modo
556 2674 784 2737 baptizati
799 2682 932 2733 sunt,
959 2672 1129 2723 scilicet
1161 2675 1312 2740 typice
1336 2674 1383 2722 in
1412 2671 1499 2722 hac
1517 2671 1644 2721 nube

82 2764 130 2802 et
147 2753 292 2811 mari,
319 2755 461 2802 nostri
473 2752 753 2818 baptismatis
767 2752 906 2816 figura
921 2789 937 2814 ‚
961 2760 1182 2816 quatenus
1203 2751 1306 2801 haec
1327 2752 1474 2800 nubes
1489 2766 1650 2800 eorum

61 2864 67 2871 .
87 2830 309 2895 capitibus
327 2830 602 2895 impendens
614 2868 627 2893 ‚
650 2839 745 2881 erat
766 2831 906 2895 figura
921 2847 1054 2896 aquae
1073 2849 1233 2882 eorum
1249 2830 1470 2895 capitibus
1492 2828 1655 2877 insun-

62 2905 286 2968 -dendae;
310 2923 436 2957 mare
452 2913 598 2956 totum
616 2903 888 2959 Judaeotum
907 2923 1070 2974 corpus
1091 2906 1379 2959 circumdans
1396 2943 1411 2969 ,
1435 2904 1657 2971 figurabat
