1760 3210
0 36 48 86 s

50 0 82 34 s

147 48 256 108 30⁶
479 63 662 103 pnmAE
676 61 947 109 -EPJSTOLAE
965 67 1038 104 An
1060 68 1381 115 comfl‘rmoz

597 335 974 389 Commentarius
990 340 1039 390 in
1060 337 1180 407 Cup.
1207 362 1289 397 12.

142 530 200 589 5.
223 554 267 585 1.
287 473 425 582 DE
451 532 772 596 spiritualibus
789 543 999 587 autem...

214 609 369 676 Hujus
407 612 565 676 capitis
600 629 702 660 cum
726 613 1018 676 praecedente
1060 618 1293 666 connexio
1328 616 1430 669 haec
1458 627 1542 672 est.
1565 617 1717 690 Caput

143 690 413 757 praecedens
446 690 564 740 finiit
603 687 885 757 Apostolus,
913 692 1071 742 dicens
1094 714 1105 743 :
1126 691 1300 745 Caetera
1333 698 1392 747 ad
1412 696 1627 766 Agapes,
1668 710 1717 753 et

142 773 476 821 sanctissimam
511 767 844 820 Eucharistiarn
871 773 1145 836 spectantia,
1174 787 1379 836 praesens
1401 780 1714 841 praescribam.

211 848 322 900 Hoc
342 858 493 900 autem
514 850 698 915 incipit,
731 848 916 898 dicens:
1679 897 1686 902 ,

210 928 290 976 De
322 924 646 992 spiritualibus
673 935 880 976 aulem...
907 927 951 975 id
977 935 1078 991 est,
1100 930 1283 980 interim
1307 931 1416 982 dum
1434 932 1494 983 ad
1515 951 1601 986 vos
1619 951 1714 987 ve·-

140 1021 253 1054 nero
270 1042 283 1066 ,
301 1006 408 1053 nolo
429 1022 512 1051 vos
536 1002 594 1052 de
611 1000 808 1068 Spiritus
832 1006 976 1053 sancti
998 1003 1132 1053 donis
1154 1007 1383 1069 ignorare.

209 1078 349 1130 Tunc
367 1084 414 1130 in
437 1077 703 1145 Baptismo,
727 1098 808 1145 per
829 1079 1048 1145 Spiritum
1071 1091 1275 1133 sanctum
1294 1085 1561 1149 baptizatiS,
1581 1104 1713 1138 com·

140 1160 340 1210 muniter
366 1159 589 1208 dabantur
628 1157 895 1207 eharIsmata
939 1161 1207 1225 spiritualia,
1247 1179 1328 1212 seu
1365 1162 1486 1211 dona
1521 1167 1712 1227 gratuita

136 1237 418 1304 linguarum,
445 1234 729 1302 prophetiae,
771 1238 1107 1301 operationum,
1145 1244 1234 1288 etc.
1257 1273 1271 1298 ,
1295 1237 1353 1286 de
1384 1239 1545 1301 quibus
1565 1238 1711 1288 infra:

50 1336 54 1339 ’
138 1326 184 1367 et
207 1319 310 1382 quia
338 1318 454 1365 circa
474 1313 577 1363 haec
599 1313 719 1361 dona
737 1350 751 1374 ,
776 1329 1026 1377 eorumque
1054 1330 1186 1361 usum
1217 1312 1520 1376 multipliciter
1540 1331 1713 1379 pecca-

135 1393 248 1443 bant
273 1388 525 1454 Corinthii,
560 1397 606 1439 ut
627 1384 683 1442 fi.
715 1389 762 1449 4.
784 1388 985 1449 dicetur,
1006 1387 1112 1436 ideo
1138 1389 1237 1436 sine
1259 1405 1385 1438 mora
1406 1388 1505 1438 illos
1529 1390 1627 1442 vult
1650 1391 1713 1443 de

133 1473 192 1521 iis
212 1472 388 1530 instrui.
760 1461 769 1468 ⁹
1577 1453 1585 1458 '

203 1542 274 1610 Y.
299 1565 346 1595 2.
369 1545 510 1594 Scitis
535 1544 754 1610 quoniam
781 1541 886 1590 citm
907 1550 1063 1605 gentes
1081 1544 1287 1593 essetis...

205 1622 304 1676 Hie
341 1624 494 1686 locus,
537 1629 721 1688 propter
748 1637 877 1669 suam
904 1621 1206 1682 brevitatem,
1233 1628 1302 1670 est
1324 1619 1542 1670 obscurus
1563 1638 1576 1668 ε
1594 1618 1706 1669 bre-

132 1706 236 1754 vior
270 1691 422 1752 autem
443 1702 581 1750 nobis
602 1698 783 1749 videtur
822 1706 865 1747 et
904 1698 1151 1758 obscurus,
1186 1700 1289 1763 quia
1321 1700 1549 1747 nescimus
1580 1694 1707 1762 quod

130 1791 241 1833 tunc
259 1782 428 1844 fiebat,
455 1789 502 1830 et
535 1777 658 1845 quod
681 1784 842 1826 notum
865 1784 958 1826 erat
992 1772 1242 1825 Corinthiis
1276 1777 1440 1841 quibus
1476 1774 1707 1826 scribebat

130 1856 404 1997 Apsssrlocleljlgs
431 1947 540 1995 ergo
557 1929 645 1979 loci
663 1929 1002 1995 intelligentiam
1017 1965 1030 1990 ,
1057 1928 1193 1978 nobis
1214 1929 1471 1978 necessario
1484 1896 1705 1994 supplenss

131 2011 241 2064 dum
262 2008 446 2076 aliquid.

200 2087 435 2155 Equidem
467 2084 596 2135 multi
622 2083 781 2134 volunt
803 2082 880 2132 hic
898 2078 1175 2148 Apostolum
1197 2081 1396 2132 indicare
1418 2082 1571 2145 gratiae
1604 2096 1705 2130 ne·-

131 2176 390 2226 cessitatem
406 2208 419 2231 ‚
442 2177 539 2218 tum
562 2169 608 2216 in
633 2166 749 2216 malo
773 2166 961 2216 vitando
977 2203 991 2228 ,
1019 2174 1116 2215 tum
1137 2167 1183 2213 in
1205 2165 1332 2213 bono
1353 2163 1594 2221 saciend0;
1619 2161 1706 2213 sed

130 2253 236 2317 quia
255 2249 335 2299 hic
370 2247 429 2296 de
454 2245 588 2294 donis
625 2245 827 2308 gratuitis
863 2246 1032 2308 agitur,
1059 2250 1110 2292 ut
1142 2259 1202 2292 ex
1227 2242 1525 2309 sequentibus
1556 2232 1704 2305 patet,

128 2345 225 2379 non
244 2330 357 2377 verb
377 2325 435 2374 de
452 2325 590 2388 gratia
605 2321 913 2371 sanctificante
929 2341 940 2379 ;

198 2407 330 2460 Hinc
368 2404 680 2472 probabilior,
724 2412 769 2455 et
796 2399 1066 2471 Apostolico
1107 2403 1254 2452 textui
1277 2399 1557 2450 conformior
1587 2398 1704 2450 mihi

123 2490 310 2548 ,videtur
335 2504 495 2538 eorum
518 2486 773 2547 conjectura
791 2521 803 2543 ,
833 2485 908 2548 qui
936 2489 1097 2548 putant
1132 2477 1434 2545 Apostolum,
1457 2487 1563 2529 ante
1589 2497 1706 2529 om·-

125 2573 202 2620 nia
219 2606 232 2631 ,
256 2566 375 2630 velle
413 2561 630 2614 fidelibus
653 2557 903 2611 Corinthiis
929 2561 1034 2610 dare
1067 2567 1223 2609 notam
1251 2557 1428 2608 facilem
1445 2595 1459 2619 ,
1484 2556 1571 2623 qua
1589 2554 1707 2622 Spi-

126 2644 240 2697 ritas
265 2645 407 2695 sancti
434 2643 554 2693 dona
579 2640 838 2689 discernant
868 2639 924 2688 ab
951 2637 1190 2687 effectibus
1212 2634 1398 2700 maligni
1419 2629 1705 2700 spiritfis.1ta

123 2721 276 2781 Divus
301 2721 682 2788 Chrysostomus.

195 2798 263 2851 Ut
283 2798 418 2863 hujus
451 2804 572 2848 notae
606 2795 928 2846 necessitatem
964 2791 1219 2859 intelligas,
1259 2799 1307 2842 et
1344 2798 1523 2843 textum
1546 2789 1707 2841 clarius

121 2880 349 2953 percipias
364 2912 379 2941 ,
