1716 3204
185 60 285 125 444
499 57 681 114 paim
718 55 1080 127 r-Abis'roriAEgAn
1115 78 1419 120 comminus
1499 122 1507 127 a,

183 149 355 216 stylum
372 150 598 214 abrumpit
615 167 675 200 ex
695 151 890 216 quadam
906 154 1045 202 animi
1062 145 1408 219 commotione,
1426 162 1474 205 et
1490 164 1596 208 ante
1614 157 1706 209 salu

186 229 406 277 tationem
431 229 644 291 interjicit
665 229 946 280 anathema'
935 248 982 280 m
1005 247 1087 281 eos
1106 233 1294 296 quinon
1313 242 1467 284 amant
1485 232 1716 299 Dominm

184 311 389 354 nostrum
411 302 444 354 J
449 322 578 355 esum
602 302 850 357 Christum.
1712 351 1714 354 -

255 372 333 427 Sit
352 380 626 431 anathema.
670 374 794 431 Cum
833 386 1148 449 exsecratione
1179 394 1413 449 separetur
1444 395 1488 437 et
1509 367 1716 450 abjiciatt

187 459 328 507 exitio
352 458 607 508 destitutusi
1714 504 1716 508 ,

226 534 452 598 Maron,
474 534 637 584 Atha.
649 534 754 586 Vox
775 534 1214 606 Hebraeo-Syriaca‚
1240 543 1498 607 significans
1517 524 1716 594 Domimi

189 616 346 659 noster
388 613 531 660 venit.
556 609 759 677 Supple,
799 609 955 662 Judex
987 622 1034 663 et
1065 611 1281 678 Vindex,
1318 625 1366 666 ut
1390 616 1524 666 talem
1548 617 1716 680 puniat!

191 687 318 748 quasi
342 687 606 750 imprecatio
621 723 635 748 ‚
664 686 750 753 qua
773 697 1062 753 peccatorem
1082 690 1139 739 ad
1161 687 1251 740 Dei
1272 692 1489 754 judicium
1505 693 1709 741 remittit.

259 760 384 812 Sicut
401 763 482 812 illis
514 766 591 828 qui
613 765 718 815 eum
737 771 914 827 amant,
938 763 1228 830 Redemptio
1249 775 1467 818 venturus
1489 773 1560 816 est
1579 762 1710 831 Chris

188 846 285 893 tus;
310 839 371 887 ita
403 840 456 886 iis
477 841 553 904 qui
574 856 681 889 eum
717 857 812 891 non
833 847 992 890 amant
1019 841 1262 893 anathema
1282 844 1372 906 sit,
1389 841 1437 892 id
1454 849 1548 904 est,
1567 850 1618 891 ut
1649 840 1711 891 ill<

188 916 477 965 abominetur
502 925 546 965 et
568 917 744 981 perdat.
772 915 1063 969 Ambrosius·
1273 912 1296 930 f

258 987 351 1037 Per
372 1006 515 1039 unum
532 990 622 1039 hoc
642 992 838 1041 verbum
857 1011 1022 1044 omnes
1039 997 1223 1051 terrain
1246 1012 1327 1043 eos
1351 998 1427 1057 qni
1447 993 1657 1043 membra
1671 1009 1712 1042 st

189 1065 418 1116 faciebant
440 1067 649 1116 membra
670 1069 944 1126 meretricis;
968 1083 1048 1117 eos
1070 1070 1148 1131 qui
1169 1066 1327 1118 fratres
1350 1066 1649 1118 offendebant
1667 1067 1712 1133 'pa

191 1141 423 1191 immolata
440 1141 599 1201 idolis;
623 1158 703 1192 eos
725 1145 803 1208 qui
819 1146 1170 1195 nominabantur
1189 1160 1250 1194 ex
1265 1143 1555 1210 hominibus;
1573 1160 1654 1194 eos
1672 1161 1714 1210 qi

185 1240 284 1273 non
310 1223 559 1273 credebant
580 1227 917 1276 resurrectioni.
943 1221 1008 1276 D.
1031 1221 1407 1289 Chrysostomuss
1535 1274 1538 1279 ,

259 1299 373 1351 Non
396 1303 543 1352 solum
563 1311 715 1353 autem
731 1306 882 1353 terruit
902 1338 914 1363 ,
942 1303 1025 1352 sed
1044 1305 1183 1351 etiam
1201 1302 1402 1352 ostendit
1414 1305 1538 1353 viam
1551 1305 1714 1358 virtuti=

189 1386 238 1427 et
258 1377 434 1427 fontem
456 1382 554 1427 vitii
575 1398 587 1422 ι
615 1378 848 1440 quomodo
867 1380 991 1436 enim
1010 1394 1113 1440 quae
1132 1375 1386 1428 vehemens
1407 1376 1541 1430 fuerit
1559 1379 1715 1432 charite

194 1457 417 1518 extinguit
458 1461 504 1501 et
540 1453 721 1517 expellit
746 1469 908 1504 omnes
945 1461 1237 1517 peccatorum
1276 1458 1452 1520 species
1471 1476 1483 1515 ;
1515 1458 1577 1508 ita
1615 1459 1716 1508 etia}

190 1531 377 1595 quando
409 1529 540 1581 suerit
569 1530 861 1592 imbecillior,
886 1529 991 1582 facit
1011 1547 1066 1581 ea
1089 1534 1360 1596 germinare.
1384 1530 1519 1585 Idem
1538 1531 1715 1599 Chrys<

191 1613 388 1656 stomus.
1318 1655 1320 1657 ,

263 1682 471 1737 Charitas
491 1683 684 1749 Christi,
707 1690 857 1737 omnis
880 1691 1048 1750 virtu5‚
1075 1687 1178 1738 fons
1219 1692 1367 1738 omnis
1406 1689 1584 1739 virtutis
1600 1722 1615 1748 ,
1655 1688 1716 1740 ‘ex

193 1766 355 1814 tinctio
377 1768 528 1815 omnis
549 1768 743 1830 peccati.

266 1837 377 1889 Non
409 1841 595 1906 diligere
617 1840 877 1907 Christum,
904 1860 1028 1894 mors
1051 1847 1200 1895 omnis
1218 1845 1426 1935 virtutis,
1452 1843 1578 1907 fons,
1603 1846 1716 1907 orig<

197 1917 290 1965 vita
318 1919 466 1967 omnis
494 1922 686 1984 peccati.

264 1986 470 2041 Attende
491 1993 606 2056 tibi,
632 2002 675 2043 et
695 1992 786 2045 hoc
808 1995 994 2068 terribili
1017 1997 1183 2046 tonitru
1206 1993 1582 2062 expergefactus·
1570 2031 1581 2040 .
1610 1993 1716 2058 Qui.

195 2070 299 2133 quis
318 2087 410 2118 non
428 2079 563 2119 amat
582 2071 744 2120 Jesum
760 2109 773 2132 ,
801 2074 863 2120 sit
879 2074 1138 2124 anathema
1151 2109 1168 2133 ‚
1193 2083 1281 2123 etc.

267 2146 389 2197 Vide
407 2165 517 2198 num
545 2166 652 2199 eum
678 2154 787 2200 vere
811 2159 858 2201 et
884 2156 1061 2203 sincere
1081 2152 1277 2217 diligas?
1294 2169 1406 2201 num
1431 2153 1527 2214 eius
1547 2146 1713 2198 manda

199 2245 260 2276 ex
285 2243 439 2276 amore
462 2228 648 2278 serves?
668 2245 781 2278 num
811 2229 925 2280 illius
944 2227 1185 2295 Evangelii
1205 2233 1417 2280 veritates
1437 2225 1626 2294 diligas?
1646 2241 1716 2275 nm

199 2306 296 2366 ejus
318 2305 524 2353 membra
543 2342 555 2366 ,
593 2323 841 2372 pauperes,
868 2309 915 2356 in
948 2308 1110 2373 quibus
1131 2306 1330 2366 habitat,
1355 2316 1401 2356 et
1433 2321 1547 2370 quos
1567 2303 1674 2362 tibi,
1710 2318 1716 2348 ι

200 2383 500 2444 semetipsum
552 2383 867 2442 commendat3
907 2383 1108 2433 honores
1126 2420 1139 2443 ,
1178 2383 1364 2448 diligas,
1393 2379 1616 2444 adjuves?
1646 2394 1716 2428 nu]

200 2453 481 2518 Ecclesiam,
508 2460 648 2523 ipsius
668 2476 829 2525 corpus
849 2497 861 2520 ‚
894 2460 1174 2511 reverearis?
1205 2478 1319 2511 nurn
1352 2474 1560 2525 crucem,
1589 2450 1716 2505 Chris

199 2549 416 2598 sponsam
436 2570 450 2595 ‚
473 2533 675 2584 honores
689 2571 704 2598 ,
727 2553 851 2586 ames
866 2573 879 2597 ,
904 2553 1007 2586 cum
1024 2540 1280 2587 reverentia
1299 2531 1547 2600 suscipias?

271 2607 427 2672 Quam
452 2613 581 2676 pauci
605 2608 838 2661 Christum
856 2609 1112 2662 Dominum
1146 2617 1255 2664 vere
1275 2609 1492 2676 diligunt!
1518 2612 1630 2672 quot
1651 2614 1716 2668 erg

203 2693 460 2750 perterrere
481 2688 620 2738 debet
641 2687 732 2738 hoc
753 2688 1022 2739 anathema!
1043 2682 1212 2754 Siquis
1236 2708 1327 2740 non
1350 2693 1485 2736 amal
1503 2681 1716 2734 Domina}

202 2769 411 2810 nostrum
433 2761 595 2812 Jesum
619 2763 853 2813 Christum
868 2799 886 2824 ,
909 2774 996 2814 etc.

273 2833 472 2901 Diligam
494 2853 539 2894 te
553 2884 568 2909 ‚
591 2837 835 2906 Domine,
861 2841 1077 2894 fortitudo
1096 2860 1197 2895 mea
1214 2881 1227 2907 ,
1252 2844 1587 2895 firmamentum
1604 2850 1716 2886 meu]
