1760 3210
390 76 609 127 ·rstipussx
642 79 926 130 Exposrrm.
963 62 1079 128 Cap.
1113 62 1206 112 IV.
1268 101 1286 104 -
1483 78 1566 135 ἱ99

0 165 128 225 baut,
155 158 233 211 vel
254 159 301 208 in
327 172 451 206 mare
478 153 777 220 projiciebant
798 188 812 215 ,
838 152 1072 202 dicentes:
1100 146 1216 201 Esto
1241 156 1449 201 nostrum
1471 165 1564 214 pe·-

0 232 218 308 ripsema,
245 236 294 288 id
314 243 402 295 est,
429 241 582 283 nostra
603 230 837 298 piacularis
859 230 1027 281 hostia.
1048 228 1189 296 Apud
1210 226 1458 290 Hebraeos,
1484 245 1566 282 ca-

0 334 93 387 per
113 313 374 368 emissarius
387 308 588 374 ‚dequo
617 305 772 359 Levit.
798 305 875 358 16.
900 325 982 357 21.
999 305 1081 356 fuit
1101 306 1188 356 tale
1210 304 1453 372 piaculum.

0 395 6 397 ⁴
73 393 145 460 y.
179 393 257 456 14.
281 390 391 442 Non
425 383 480 436 ul
514 385 798 451 confundam
822 405 960 437 vos...
1001 383 1122 437 Viva
1154 383 1255 435 haec
1283 378 1569 454 Apostoliqae
1599 429 1602 432 ,

2 474 114 524 vitae
133 469 236 520 idea
262 483 366 517 cum
385 464 510 515 molli
528 460 872 513 Corinthiorum
898 462 1141 512 doctorum
1160 464 1253 513 vita
1277 469 1534 527 comparata
1550 499 1564 523 ‚

3 563 100 599 non
118 545 206 596 hos
229 545 405 594 tantum
425 540 636 591 doctores
655 539 927 606 pudefacere
943 539 1144 589 debebat
1158 576 1171 600 ,
1198 538 1281 588 sed
1306 546 1352 587 et
1368 540 1571 605 ipsorum

5 621 270 689 discipulos,
299 626 459 684 utpote
477 655 490 679 ,
517 619 609 685 qui,
639 620 901 684 postpositis
944 611 1211 680 Apostolis,
1235 624 1359 666 tanta
1392 624 1437 665 et
1473 615 1573 665 talia

5 715 99 766 pro.
128 699 332 764 ipsorum
369 693 511 743 salute
548 695 714 759 passi3‚
759 693 868 744 tales
909 692 1199 760 praetulerant
1234 692 1501 757 magistrOS,
1526 700 1572 742 et
1625 728 1633 731 „

6 767 168 828 eorum
185 790 288 825 sese
309 771 552 839 disqipulos
573 780 674 822 esse
698 772 872 837 gloriati
891 770 1067 822 fuerant
1086 809 1101 834 ,
1128 772 1185 820 ab
1200 773 1365 841 *eisque
1388 786 1575 835 cogno—

8 857 173 906 minari
193 852 447 903 voluerant.

78 924 208 978 Hinc
240 922 523 990 Apostolus,
562 925 732 979 relictis
771 923 1077 988 DoctoribuS,
1106 928 1267 993 quibus
1294 929 1341 976 in
1361 933 1456 976 tota
1490 924 1580 974 hac

12 988 209 1075 epistola
225 1003 411 1052 nonnisi
436 1002 661 1052 indirecte
705 1003 920 1069 loquitur,
945 1022 1211 1054 sermonem
1241 1005 1390 1070 dirigit
1410 1003 1468 1053 ad
1509 1004 1577 1052 fi-

16 1079 144 1132 deles
170 1074 465 1136 Corinthios,
493 1082 541 1123 ut
566 1075 727 1125 vulnus
750 1071 873 1126 (buret
889 1115 904 1140 ‚
937 1078 1060 1142 quod
1083 1078 1266 1130 inflixit.

80 1153 196 1207 Non
228 1163 320 1204 ‘vos
344 1150 517 1217 pudore
537 1149 741 1199 afficiens
779 1151 882 1201 haec
903 1154 1053 1202 scribo
1081 1173 1090 1201 :
1115 1155 1216 1217 sed,
1237 1163 1326 1205 etc.
1351 1153 1475 1221 quod
1500 1169 1582 1220 per

11 1236 156 1286 verba
178 1231 314 1293 feeit,
354 1229 402 1280 id
427 1228 535 1278 dicit
561 1246 612 1278 se
648 1247 741 1278 non
787 1228 982 1291 secisse3
1028 1231 1103 1280 vel
1144 1234 1294 1297 potius
1331 1249 1381 1281 se
1421 1230 1583 1280 fecisse

13 1313 201 1381 quidem
240 1310 381 1371 dicit,
424 1307 508 1357 sed
537 1325 630 1357 non
660 1307 774 1356 malai
798 1317 955 1358 mente
974 1345 987 1371 ,
1028 1312 1089 1359 ait
1108 1307 1177 1360 D.
1201 1306 1442 1376 Chrysost.
1468 1305 1584 1358 Non

19 1388 336 1454 exprobrem,
364 1384 447 1434 sed
476 1383 665 1449 diligens
688 1383 791 1434 haec
819 1384 943 1434 dico.

82 1462 235 1528 Mihi,
262 1466 439 1530 inquit,
470 1465 692 1528 ignoscite
711 1501 724 1524 ,
749 1464 785 1511 si
813 1463 922 1527 quid
947 1465 1126 1527 gravius
1167 1463 1338 1513 dictum
1357 1471 1452 1522 est;
1481 1462 1584 1514 haec

15 1542 131 1592 fiunt
152 1557 212 1591 ex
248 1539 518 1599 dilectione,
560 1538 685 1586 idem
721 1535 781 1586 D.
807 1536 1048 1603 Chrysost.
1072 1538 1268 1602 utfilz'os
1299 1556 1424 1588 meos
1459 1539 1586 1587 cha-

16 1621 226 1669 rissimos
263 1618 518 1678 admoneo,
566 1633 662 1665 non
694 1623 749 1664 ¹ut
790 1614 1073 1680 pudefaciam
1090 1654 1103 1678 ‚
1148 1617 1233 1666 sed
1263 1625 1311 1666 ut
1356 1616 1588 1666 emende-

17 1690 163 1749 minis
1315 1762 1318 1763 γ

27 1782 29 1784 ’
87 1778 156 1845 Υ.
182 1777 260 1830 15.
290 1779 421 1828 Nam
465 1778 509 1826 si
539 1776 693 1825 decem
718 1777 868 1825 millia
897 1777 1311 1842 paedagogorum...
1334 1778 1391 1829 ad
1411 1788 1588 1830 vestros

20 1871 176 1908 mores
198 1851 522 1906 efformandos.

89 1929 197 2001 Ego
222 1930 343 1981 solus
380 1947 481 1979 sum
498 1936 652 1980 vester
674 1931 911 1996 spiritualis
935 1940 1081 1999 pater,
1106 1935 1181 1999 qui
1206 1950 1291 1983 vos
1317 1951 1399 1998 per
1420 1930 1587 1984 Evan-

22 2007 191 2076 gelium
214 2002 398 2057 Christo
419 2007 580 2070 genui3
609 2010 763 2057 caeteri
786 2016 889 2057 sunt
911 2011 1050 2058 vestri
1077 2009 1339 2075 paedagogi,
1363 2014 1438 2076 qui
1463 2030 1547 2062 vos
1565 2019 1591 2062 ἐι
1668 1999 1671 2001 ’

22 2101 100 2138 me
123 2087 306 2150 genitos
325 2120 339 2145 ,
364 2084 606 2133 instruunt.
1582 2091 1584 2094 ’

0 2173 2 2224 ζ
31 2195 33 2197 ·
93 2161 161 2226 Υ.
184 2163 261 2214 16.
284 2163 412 2226 Rogo
430 2179 535 2226 ergo
557 2180 692 2212 νος...
713 2170 759 2211 ut
784 2165 876 2212 mei
902 2163 1072 2213 similes
1090 2166 1202 2215 sitis.
1226 2160 1343 2231 Syr.
1359 2168 1407 2216 in
1438 2163 1590 2218 Graec.

25 2248 73 2293 a
93 2238 201 2310 Syr.
224 2258 321 2291 non
341 2248 410 2290 est
429 2275 445 2304 ,
469 2242 583 2289 sicut
605 2247 650 2290 et
675 2257 761 2304 ego
785 2237 969 2294 Christi.

93 2315 162 2382 Υ.
191 2336 267 2385 17.
296 2319 407 2367 Ideo
438 2319 548 2366 misi
575 2318 642 2366 ad
669 2336 751 2368 vos
771 2316 1114 2368 Timotheum...
1149 2328 1416 2384 propterea,
1441 2329 1489 2371 ut
1515 2339 1590 2372 me

26 2405 204 2463 patrem
226 2403 428 2446 vestrum
449 2433 463 2458 ,
509 2398 602 2445 imo
631 2393 865 2446 Christum
887 2398 1039 2461 ipsum
1063 2398 1332 2461 imitemini,
1363 2407 1408 2448 et
1430 2388 1592 2464 paida-

11 2489 251 2540 ·gogorum
276 2473 382 2521 vitia
403 2480 499 2521 non
521 2471 811 2522 contrahatis.

101 2546 206 2600 Hac
230 2549 287 2598 de
309 2566 440 2599 causa
457 2551 568 2598 mz‘si
585 2550 653 2597 ad
670 2568 751 2599 vos
776 2550 1070 2599 Timotheum
1089 2589 1101 2614 ,
1125 2552 1206 2615 qui
1224 2561 1293 2600 est
1303 2551 1442 2615 filius
1464 2572 1594 2604 meus

33 2626 334 2697 charissimus
347 2644 366 2687 ,·
391 2635 435 2677 et
459 2629 564 2693 qui,
592 2629 638 2676 in
662 2624 843 2678 Christo
868 2627 1183 2694 praedicande,
1212 2630 1399 2697 ejusque
1423 2628 1595 2684 Evan-

32 2703 152 2770 gelio
171 2705 463 2775 propagando
484 2743 499 2769 ,
531 2714 599 2756 est
637 2705 749 2766 mihi
770 2724 924 2757 comes
945 2715 989 2757 et
1032 2706 1266 2770 coadjutor
1291 2709 1593 2763 fidelissimus.

31 2780 81 2851 {s
103 2784 287 2851 itaque,
327 2785 451 2848 cujus
490 2785 604 2836 fides
626 2787 672 2835 in
697 2789 748 2835 iis
774 2803 883 2854 quae
911 2784 1002 2836 Dei
1039 2793 1175 2850 sunt,
1219 2787 1328 2837 mihi
1360 2800 1594 2856 perspecta

17 2867 133 2949 fist,
157 2864 205 2913 in
243 2864 513 2942 memoriam
538 2865 672 2914 vobis
707 2867 894 2916 reducet
924 2868 1028 2916 νίας
1054 2883 1216 2925 meas;
1244 2868 1288 2916 id
1332 2877 1399 2918 est
1419 2906 1432 2931 ,
1476 2888 1597 2937 quo-
