1760 3210
117 55 222 112 238
245 97 250 104 .
455 73 636 112 parum
672 74 936 113 nmsrom
962 72 1054 112 sn·
1075 72 1379 117 comm-ns

190 146 337 212 Quasi
379 146 593 197 diceret.
620 145 794 199 Videte
817 166 900 200 ne
914 150 964 200 in
988 149 1128 199 idolio
1158 150 1611 210 accumbfflsimt
1639 149 1742 205 itti

117 227 365 286 sederunt,
386 228 631 276 comesturi
656 225 948 294 idolothyta.
966 236 1012 278 et
1039 245 1101 279 ne
1121 226 1239 279 sorte
1255 230 1375 280 circa
1401 229 1698 295 idotasefiati,
1719 261 1743 299 s

117 300 284 368 ludatis
306 304 420 352 sicut
443 310 487 352 et
506 302 587 353 illi.

189 371 248 432 Ῠ.
275 378 323 428 8.
349 379 513 446 Neque
511 378 818 444 formcemur
835 383 1009 432 szcut...

190 453 356 507 'lertio
378 461 565 525 respicit
592 461 653 510 ad
680 458 826 511 Num.
861 462 944 511 25.
984 461 1062 510 ubi
1103 459 1296 528 populus
1339 458 1590 511 fornicatus
1614 470 1703 514 »ent

123 553 228 586 cum
257 536 436 587 filiabus
453 535 596 589 Moab
618 553 635 599 ,‘
660 543 721 591 ob
742 540 867 607 quod
889 542 1049 605 viginti
1074 543 1154 590 tria
1180 539 1318 589 millia
1344 535 1484 590 occisi
1506 547 1634 592 sunt.
1655 589 1660 595 .

191 608 392 678 Hocque
429 611 775 665 fornicatoribus
814 612 1066 665 Corinthiis
1105 615 1365 681 applicans,
1404 618 1466 665 ait
1495 635 1510 665 z
1529 615 1697 682 Neque

101 686 420 754 fornicemur.
443 691 508 739 Et
531 693 793 741 ceciderunt
821 692 918 741 unzi
944 693 1018 740 die
1038 691 1212 754 viginti
1230 694 1322 740 tria
1348 691 1502 740 millia
1515 708 1536 750 ‚⁸
1550 694 1599 741 in
1620 691 1703 743 lib.

70 804 74 807 »
118 765 268 823 Num.
290 768 373 819 25.
399 767 469 833 y.
488 788 539 838 9.
561 772 699 820 occisi
722 778 826 820 sunt
850 772 1013 834 viginti
1035 775 1230 835 quatuor
1250 767 1404 817 millia.
1431 765 1543 817 Hoc
1565 770 1703 818 variis

118 848 270 898 modis
295 847 505 898 conciliat
527 845 682 898 Estius
709 850 960 915 :approbat
983 857 1140 898 tamen
1167 849 1312 912 magis
1339 845 1387 896 id
1408 862 1563 896 errore
1583 848 1704 897 scri-

121 929 198 980 bae
223 928 393 979 sactum
414 948 516 980 esse
538 933 640 979 cum
665 928 972 980 OEcumenius
995 928 1237 994 aliquando
1263 929 1420 994 legerit
1441 930 1489 978 in
1505 925 1704 994 Septua-

123 1009 520 1073 gintaseumdem
547 1026 790 1059 numerum
813 1026 866 1058 ac
887 1011 936 1058 in
966 1006 1034 1060 D.
1065 1005 1212 1058 Paulo
1228 1007 1413 1074 legitur.

191 1083 258 1148 Y·
273 1106 321 1155 9.
335 1082 499 1153 Neq‘ue
513 1097 681 1137 tentem
689 1107 742 1137 us
765 1084 1049 1136 Christum..
1073 1084 1339 1153 Saepis'sime
1347 1083 1538 1137 Hebraei
1549 1081 1704 1137 Deum

124 1174 417 1218 :tentaverunt
434 1170 481 1216 in
503 1168 721 1226 deserto;
751 1175 796 1217 at
820 1169 1047 1233 praecipue
1067 1167 1252 1231 respicit
1276 1162 1444 1216 Paulus
1464 1165 1523 1214 ad
1554 1162 1705 1217 Num.

124 1267 209 1299 21.
233 1250 311 1298 ubi
331 1249 521 1315 populus
537 1287 550 1311 ‚
573 1259 797 1313 pertaesus
825 1250 996 1298 itineris
1020 1254 1064 1297 et
1080 1246 1248 1296 laboris
1266 1284 1279 1306 ‚
1304 1247 1478 1297 locutus
1498 1253 1567 1296 est
1583 1263 1702 1296 con·
1733 1252 1738 1256 ’

119 1333 186 1376 tra
212 1324 467 1377 Dominum
487 1336 531 1377 et
549 1325 796 1394 Moysem;
822 1326 1039 1376 diffidens
1051 1343 1223 1391 nempe
1245 1325 1305 1374 de
1323 1319 1425 1375 Dei
1446 1327 1697 1391 promissis.

187 1403 270 1455 Ob
307 1406 430 1473 quod
465 1408 522 1455 ab
558 1408 711 1470 ignitis
738 1406 1029 1472 serpentibus
1062 1402 1286 1454 interfecti
1312 1413 1419 1453 sunt
1452 1412 1694 1470 serpentes

116 1480 179 1532 illi
208 1481 418 1532 dicuntur
442 1486 599 1547 igniti,
633 1485 734 1549 quia
760 1500 842 1532 suo
866 1500 1018 1532 morsu
1041 1481 1238 1532 calorem
1265 1490 1312 1531 et
1332 1483 1455 1532 sitim
1477 1480 1715 1534 monife--

119 1574 225 1608 ram
242 1561 499 1608 causabant.

190 1633 394 1702 Hocque
419 1633 670 1686 Corinthiis
690 1673 704 1699 ,
731 1637 790 1688 de
814 1635 902 1687 Dei
925 1639 1159 1704 promissis
1182 1635 1494 1688 diffidentibus
1513 1673 1530 1699 ,
1563 1645 1613 1688 et
1633 1636 1695 1688 de

115 1713 482 1782 Resurrectione
505 1716 847 1777 dubitantibus,
870 1706 1099 1766 ut'videre
1139 1725 1207 1765 est
1227 1733 1268 1766 c.
1296 1717 1374 1766 15.
1406 1735 1496 1778 12,
1531 1714 1692 1768 Deum

113 1794 250 1842 etiam
273 1796 320 1842 in
340 1793 480 1842 idolio
499 1794 802 1854 tentantibus,
831 1801 879 1842 ut
903 1791 1035 1857 hujus
1057 1795 1214 1859 capitis
1236 1785 1294 1844 37,
1324 1812 1408 1842 22.
1427 1792 1658 1857 applicans
1673 1830 1693 1858 ,

116 1875 180 1922 ait
202 1891 214 1921 ε

194 1953 305 2003 Non
335 1961 563 2004 tentemus
604 1956 865 2014 Christum,
908 1959 1030 2003 sit-ut
1067 1956 1259 2019 quidam
1288 1971 1349 2004 ex
1378 1955 1490 2019 ipsis
1521 1949 1708 2004 Chris--

122 2040 219 2083 tum
240 2069 253 2093 ,
277 2040 323 2081 ut
344 2029 499 2083 Deum
518 2073 532 2095 ,
563 2051 813 2101 eorumque
839 2028 1032 2083 Ducem
1053 2035 1188 2083 toties
1217 2039 1522 2086 tentaverunt.

187 2109 311 2162 Vide
333 2111 452 2177 apud
478 2109 653 2162 Estium
675 2120 882 2161 veterem
918 2111 1211 2160 traditionem
1229 2147 1241 2168 ,
1277 2111 1348 2159 cui
1372 2107 1494 2157 {avet
1515 2105 1594 2157 hic
1615 2106 1694 2156 lo-

110 2209 222 2254 cuS,
246 2193 416 2242 scilicet
443 2193 567 2256 quod
589 2190 824 2256 Angelus,
851 2188 1159 2241 israelitarum
1182 2188 1364 2250 ductor,
1386 2182 1561 2238 Christi
1578 2203 1698 2252 per·
1738 2203 1745 2209 '

118 2288 279 2321 sonam
299 2275 507 2336 gesserit.

190 2346 263 2412 Jff.
293 2367 369 2398 10
402 2347 563 2412 Neque
584 2340 1013 2398 murmuraverztr‘s..

195 2421 423 2493 Denique
443 2428 692 2492 respiciens
716 2427 772 2476 ad
796 2425 937 2477 Num
966 2445 984 2476 ι
1003 2426 1139 2486 1.14
1158 2434 1202 2476 et
1235 2422 1307 2475 ι6.
1343 2422 1530 2491 hocque
1552 2422 1701 2488 appli-
1742 2443 1746 2447 ’

128 2522 235 2558 cans
259 2502 537 2562 Corinthiis,
562 2508 636 2570 qui
659 2506 876 2555 adversus
903 2502 1153 2554 Praefectos
1180 2505 1498 2563 mussitabant,
1525 2511 1570 2553 et
1594 2501 1702 2550 sac-

126 2588 276 2637 tiones
298 2587 569 2634 suscitabant
590 2622 605 2645 ,
629 2587 686 2634 ait
709 2603 719 2632 :
747 2585 908 2649 Neque
928 2584 1355 2632 murmuraveritis..
1736 2580 1738 2582 ¹

175 2660 540 2712 'Exterminazor
564 2662 722 2712 dicitur
748 2660 969 2725 Angelus,
990 2664 1115 2724 cujus
1137 2660 1388 2710 ministerio
1412 2658 1707 2709 extermInati
1742 2679 1748 2686 ·

127 2747 230 2788 sunt
254 2736 371 2788 Core
393 2777 405 2800 ‚
435 2737 614 2788 llatlian
642 2747 684 2787 et
708 2736 888 2788 Abiron
910 2747 953 2787 et
979 2737 1080 2799 alii,
1106 2745 1192 2786 etc.
1209 2732 1357 2786 Num.
1386 2731 1464 2784 16.
1744 2791 1747 2793 ,

206 2817 274 2883 ss.
311 2836 384 2867 ιι.
411 2819 531 2866 llaec
550 2829 706 2866 aulem
745 2819 904 2866 omnia
928 2820 975 2865 in
986 2816 1194 2880 figura..
1262 2811 1454 2864 Rursusv
1483 2811 1706 2862 admonet

130 2900 262 2964 haec,
310 2915 411 2968 quae
448 2897 620 2949 Ju-Jaeis
659 2900 955 2962 acciderunt,
981 2916 1080 2948 esse
1114 2898 1250 2948 nobis
1289 2893 1706 2960 contingendomm
