1760 3210
420 88 644 128 nrum
677 87 964 127 Exposmo.
1003 73 1124 142 Cap.
1160 75 1307 126 XIV.
1525 75 1636 148 365

125 162 295 229 Quirm
317 164 474 213 decem
507 165 688 224 militie,
712 163 763 214 id
789 171 885 224 est,
911 166 1155 215 innumera
1179 163 1380 230 proferre
1407 165 1458 214 in
1475 162 1637 232 lingua

17 284 28 296 .
61 247 298 310 peregrina
319 253 364 294 et
386 247 443 295 ab
465 243 745 295 auditoribus
761 261 859 294 non
879 244 1121 295 intellecta.

132 320 246 373 Hoc
256 323 474 388 exemplo
490 340 575 373 suo
591 322 727 373 docet
746 339 827 372 eos
841 323 951 388 quid
973 323 1170 373 debeant
1188 332 1343 388 optare
1364 332 1410 374 et
1425 323 1598 376 facere.

133 395 287 449 Docet
309 407 354 449 et
378 401 532 464 paucis
564 406 739 448 rectum
765 399 1066 448 concionandi
1104 397 1308 447 modum.
1332 396 1491 448 Primo
1515 402 1635 458 sciat

63 483 115 526 et
146 476 363 542 intelligat
391 477 549 526 doctor
569 492 674 538 quae
710 476 805 525 vult
830 475 1014 526 docere.
1045 473 1260 525 Secundo
1277 511 1293 537 ‚
1316 475 1494 526 studeat
1519 477 1633 527 illud

63 555 224 616 paucis
247 561 291 602 et
313 553 439 603 claris
465 552 621 600 verbis
644 553 919 615 exprimere.

138 627 209 691 y?-
231 646 307 678 20.
332 629 381 678 l*
376 638 540 690 ratres,
558 630 697 677 nolite
710 630 892 691 pueri...

132 702 201 756 Ut
221 705 317 756 hoc
347 723 480 756 suum
515 706 806 771 exemplum,
839 724 1066 773 suumque
1102 723 1288 757 sensum
1324 715 1371 757 et
1409 709 1633 770 judicium

65 783 158 846 iam
182 783 454 834 declaratum
472 787 705 836 imitentur
727 782 972 845 Corinthii,
997 802 1076 835 eos
1094 785 1326 850 alloquens
1347 786 1637 851 interpellat;

64 877 319 927 eorumque
344 866 460 914 circa
475 865 594 921 dona
610 861 831 925 judicium
848 867 908 913 ita
924 866 1134 930 corrigit,
1155 872 1204 913 ut
1224 872 1269 914 et.
1288 863 1508 929 puerilem
1527 864 1637 914 illo·

66 956 170 989 rum
185 943 246 990 ob
269 934 322 991 ea
340 945 596 1004 iactantiam
617 941 843 992 humiliet.

135 1018 300 1068 Nolite
320 1023 452 1084 pueri
468 1020 651 1084 effici..
673 1037 921 1084 puerorum
943 1027 1011 1070 est
1033 1037 1093 1070 ex
1118 1024 1378 1086 apparentia
1405 1022 1463 1071 de
1493 1023 1640 1072 rebus

64 1098 291 1165 iudicare3
329 1104 529 1150 virorum
553 1106 665 1151 vero
690 1102 978 1165 prudentium
996 1137 1010 1161 ,
1054 1119 1116 1152 ex
1142 1101 1330 1152 utilitate
1358 1103 1647 1165 dijudicare:

63 1192 312 1244 puerorum
335 1185 404 1228 est
430 1178 489 1227 de
508 1180 645 1227 rebus
667 1174 905 1242 speciosis,
929 1179 1032 1227 licet
1059 1178 1289 1227 inutilibus
1311 1179 1489 1244 gloriari
1509 1200 1523 1240 3
1551 1182 1644 1231 vi·—

66 1270 224 1305 rorum
246 1263 399 1305 autem
419 1254 560 1304 solida
582 1258 806 1304 aestimare
822 1291 835 1316 ,
861 1263 1078 1318 appetere
1104 1264 1148 1303 et
1170 1255 1228 1304 de
1255 1258 1318 1305 eis
1335 1257 1537 1320 gloriari.

138 1327 298 1396 Ita‘que
323 1337 510 1391 cavete,
537 1330 720 1392 fratres,
754 1348 815 1380 ne
833 1329 1078 1395 pueriliter,
1116 1347 1197 1380 seu
1236 1333 1557 1396 imprudenter
1571 1350 1643 1384 ex

62 1407 332 1474 apparentia
357 1407 417 1457 de
427 1409 569 1458 rebus
584 1407 820 1471 judicetis3
837 1408 1009 1472 linguas
1021 1410 1317 1472 aestimantes,
1341 1413 1445 1475 quia
1466 1429 1642 1478 quam-

62 1482 178 1535 dam
205 1485 404 1534 excitant
425 1485 784 1537 admirationem.
1367 1529 1369 1531 μ

134 1555 241 1608 διά
263 1561 452 1610 malitia
480 1563 725 1627 parvum...
748 1559 832 1612 Gr.
858 1562 940 1611 sed
963 1558 1128 1612 malitia
1159 1564 1411 1628 puerascite
1427 1599 1441 1625 ‚
1462 1561 1512 1611 id
1533 1569 1643 1622 est}

77 1641 379 1706 quantumfad
403 1641 617 1690 malitiam
640 1647 787 1689 estote
808 1637 1023 1689 infantes.
1592 1682 1593 1685 ,

115 1739 127 1761 2
152 1718 288 1783 Quid
326 1730 395 1771 est
425 1720 556 1772 hoc?
593 1737 653 1770 ne
692 1737 827 1770 nosse
873 1720 1062 1785 quidem
1098 1719 1209 1783 quid
1252 1722 1310 1768 sit
1337 1721 1497 1770 vitium
1517 1753 1534 1778 ‚
1571 1719 1647 1768 ait.

70 1795 141 1849 D.
162 1795 543 1862 chrysostomus,
565 1799 689 1863 quasi
710 1797 880 1847 diceret
900 1816 910 1844 :
932 1793 1062 1860 Opto
1075 1797 1263 1862 quidem
1287 1814 1372 1847 vos
1393 1811 1653 1860 repueras-

73 1892 180 1927 cere
189 1892 283 1925 non
293 1875 443 1940 quoad
457 1878 659 1940 inopiam
673 1875 844 1937 judieii,
861 1874 943 1923 sed
961 1874 1111 1938 quoad
1130 1876 1443 1924 innocentiam
1462 1874 1633 1932 animi;

68 1969 154 2005 seu
174 1961 225 2003 ut
250 1955 346 2003 sitis
365 1955 425 2004 ita
444 1953 688 2019 simplices,
715 1960 764 2002 ut
789 1951 1002 2001 malitiam
1023 1968 1120 2000 non
1146 1954 1312 2001 sciatis.

140 2034 221 2087 Ne
239 2053 350 2101 ergo
380 2038 495 2087 sicut
529 2038 656 2102 pueri
681 2054 739 2086 ex
769 2036 1029 2101 apparentia
1066 2037 1346 2085 moveamini
1389 2033 1448 2083 ad
1492 2032 1650 2098 pluris

67 2112 336 2165 estimanda
365 2130 465 2180 quae
487 2114 639 2162 minus
656 2111 927 2162 aestimanda
962 2119 1094 2175 sunt,
1119 2119 1165 2161 et
1199 2111 1256 2161 ad
1283 2112 1514 2162 ardentius
1536 2127 1646 2176 ap·-

71 2190 270 2260 petenda
290 2207 392 2257 quae
417 2193 570 2240 minus
589 2192 728 2241 utilia.

140 2268 361 2317 Sensibus
387 2275 543 2316 autem
573 2267 768 2334 persecli
790 2275 952 2317 estote.
977 2263 1082 2332 Syr.
1102 2267 1333 2316 mentibus
1349 2273 1501 2315 autem
1523 2280 1653 2330 per-

67 2344 206 2407 fecti,
230 2354 349 2405 etc.;
379 2345 429 2395 id
450 2340 554 2410 est,
580 2349 666 2396 viri
690 2345 911 2411 perfecti,
934 2362 1015 2394 seu
1038 2344 1256 2410 persectae
1273 2346 1419 2394 aetatis
1452 2352 1499 2393 et
1523 2360 1651 2408 pru*

0 2463 4 2465 Δ
69 2422 257 2474 denteS.

130 2496 303 2564 -Itaque
318 2535 334 2562 ,
356 2506 407 2548 ut
425 2500 511 2549 viri
547 2499 811 2564 prudentes,
843 2499 1064 2561 attendite
1089 2498 1198 2564 quid
1237 2497 1398 2547 melius
1436 2506 1482 2547 et
1528 2496 1651 2562 quid·

68 2575 222 2627 utilius
239 2578 322 2626 sit:
339 2574 450 2626 illud
469 2576 705 2637 aestimate,
727 2577 948 2640 appetite,
976 2574 1187 2641 praeserte
1204 2594 1215 2631 ;
1235 2581 1281 2624 et
1303 2580 1652 2639 consequenter

74 2652 328 2721 prophetiae
345 2653 544 2716 donum,
573 2662 733 2719 utpote
751 2653 900 2704 utilius
918 2653 1043 2704 dono
1064 2654 1333 2719 linguarum,
1361 2652 1571 2719 praeferte.
1591 2659 1651 2703 et

74 2731 185 2782 illud
206 2733 349 2797 magis
373 2735 592 2797 appetite.

139 2803 203 2863 f.
234 2827 322 2862 214
344 2810 405 2859 In
432 2812 526 2874 Iege
544 2812 770 2874 scriptum
792 2819 915 2872 est...
1106 2868 1110 2873 ¹

120 2880 247 2951 -Ut,
271 2906 356 2939 suo
383 2889 553 2952 judicio
579 2888 873 2953 conformeS,
906 2884 1133 2940 Corinthii
1158 2888 1330 2954 linguas
1354 2889 1508 2939 minus
1542 2894 1646 2938 εει*
