1760 3210
19 143 21 149 Ι
411 89 631 127 ‘ramum
665 88 948 126 EXPosrrlo.
984 73 1103 139 Cap.
1136 72 1232 124 Χ1.
1503 73 1606 140 275

11 154 130 220 fnon
153 173 367 232 tanquam
397 183 483 216 vos
506 164 717 223 laudam,
751 165 855 230 quia
896 180 993 213 non
1030 163 1258 228 progressi
1285 163 1393 212 estis
1411 198 1426 225 ‚
1451 161 1536 214 sed
1558 164 1610 215 in

8 239 355 299 'detrimentum
375 244 700 296 descendistis.

96 323 254 392 Aliqui
277 325 366 373 hoc
388 322 591 374 referunt
618 320 677 370 ad
698 320 905 387 superius
934 318 1052 369 dicta
1075 319 1135 369 de
1168 318 1375 369 velandis
1399 317 1608 370 mulieri·

3 405 137 470 ’.1)113,
159 410 315 474 sicque
339 407 712 470 interpretantur:
737 399 867 460 Hoc,
891 401 1062 450 scilicet
1085 400 1325 450 mulierem
1346 399 1494 450 velato
1517 417 1608 450 ca-

33 488 130 554 pite
152 502 296 547 orare,
329 484 483 532 virum
502 488 683 546 operto,
720 481 955 546 praecipio,
980 480 1162 528 interim
1190 497 1284 527 non
1313 479 1453 528 laudo
1486 476 1611 544 quod

33 579 133 611 non
156 562 398 622 famelius
401 592 536 611 .....

103 635 199 687 Alii
224 641 336 687 vero
363 630 640 701 probabilius
662 630 719 680 ad
744 633 927 695 jamjam
959 630 1157 681 dicenda
1191 629 1249 680 de
1279 625 1475 696 Agapis,
1508 647 1606 681 ex·-

28 713 315 780 plicantque,
344 721 390 763 ut
423 711 574 761 statim
606 709 853 759 videbitur.

66 787 163 839 Sed
185 808 346 841 ornnes
371 793 652 840 conveniunt
682 786 807 854 quod
839 785 930 835 hoc
963 802 1098 835 versu
1135 791 1331 834 transeat
1358 778 1609 849 Apostolus

34 864 96 915 ad
116 864 236 914 aliud
258 865 424 915 malum
449 864 808 926 reformandum,
836 871 882 913 et
903 863 1090 930 quidem
1111 864 1262 929 priore
1291 862 1437 927 pejus.

106 938 252 1003 Quod
289 951 337 992 ut
369 942 532 992 meiius
572 940 794 1005 intelligas
815 978 828 1000 ‚

374 1083 675 1119 NOTANDUM
701 1083 770 1119 AD
803 1081 1273 1119 INTELLIGENTIAM.

97 1195 312 1249 Observa
352 1197 477 1264 qubd
511 1200 668 1265 primis
707 1198 792 1247 illis
830 1195 1048 1247 Ecclesiae
1081 1197 1385 1262 temporibus,
1424 1194 1603 1257 fideles,

29 1280 212 1327 statutis
251 1277 438 1337 diebuS,
471 1278 724 1343 praesertim
747 1279 858 1324 vero
891 1273 1172 1335 Dominicis,
1198 1277 1539 1325 conveniebant
1561 1277 1612 1325 in

26 1355 287 1416 ecclesiam,
307 1363 642 1405 sacrosanctum
660 1350 960 1403 Eucharistiae
977 1359 1312 1402 sacramentum
1334 1352 1610 1419 percepturi.

104 1430 177 1483 Ibi
215 1450 324 1498 ergo
353 1435 632 1498 congregati,
655 1441 704 1482 ut
731 1431 975 1498 perfectius
1003 1438 1383 1498 repraesentarent
1405 1430 1612 1480 ultimam

32 1526 233 1569 cumam,
259 1518 500 1576 postquam
527 1506 764 1560 Dominus
798 1517 953 1559 noster
975 1503 1115 1559 Jesus
1142 1506 1349 1558 Christus
1377 1512 1611 1574 proprium

28 1578 213 1650 Corpus
249 1580 382 1636 suum
402 1586 630 1650 discipulis
651 1588 742 1636 suis
765 1585 893 1636 dedit
919 1585 1307 1647 manducandum,
1332 1592 1379 1634 et
1411 1584 1613 1650 Sangui·-

30 1676 143 1711 nem
181 1665 459 1726 potandum,
507 1666 654 1730 primo
689 1681 939 1714 commune
979 1667 1192 1714 omnibus
1227 1682 1287 1714 ex
1323 1679 1457 1730 aequo
1488 1681 1611 1730 pau-

29 1741 214 1806 peribus
237 1748 283 1791 et
307 1740 524 1792 divitibus
543 1742 768 1793 faciebant
791 1746 1086 1803 convivium;
1123 1744 1291 1793 deinde
1316 1743 1374 1792 ad
1407 1746 1612 1794 sanctis-

26 1819 196 1868 simam
221 1813 553 1869 Eucharistiam
575 1819 871 1871 accedebant.

98 1891 383 1960 supponitur
423 1894 500 1945 hic
521 1897 644 1963 quod
665 1896 779 1947 infra
801 1893 868 1958 547.
895 1917 1000 1959 2o.,
1027 1915 1087 1948 ex
1110 1900 1208 1963 ipso
1231 1906 1360 1948 textu
1386 1898 1606 1965 probabi-

29 1965 228 2033 tur‚Aga
236 1987 315 2036 pes
325 1973 496 2036 priores
513 1971 650 2024 fuisse
664 1977 972 2025 sacratissimae
985 1972 1283 2025 Eucharistiae
1294 1978 1609 2041 perceptione.

105 2044 224 2097 Haec
243 2052 476 2123 convivia,
504 2052 564 2100 ob
595 2070 889 2103 communem
915 2056 1122 2104 omnium
1148 2053 1432 2116 charitatem,
1455 2071 1608 2105 voca-

27 2124 143 2179 bant
167 2127 371 2195 Agapes,
400 2125 625 2195 c'eyo'o'vrcu
645 2167 661 2191 ,
689 2131 943 2182 charitates,

101 2205 204 2256 Has
225 2204 414 2273 Agapes
440 2205 607 2258 Paulus
634 2210 755 2276 apud
777 2206 1047 2260 Corinthios
1068 2212 1345 2270 instituerat;
1371 2220 1415 2262 at
1443 2211 1516 2261 illo
1541 2211 1612 2262 di-

19 2298 203 2348 gressu,
226 2301 300 2334 res
331 2293 488 2335 sancta
517 2295 561 2336 et
595 2292 749 2337 sancte
773 2291 987 2348 instituta,
1009 2291 1117 2339 abiit
1139 2293 1187 2340 in
1218 2292 1409 2340 abusum
1430 2309 1441 2339 :
1465 2291 1611 2340 ditio-

27 2377 104 2410 res
144 2363 266 2412 enim
290 2399 303 2423 ‚
343 2366 509 2427 spretis
543 2370 833 2431 pauperibus,
863 2367 1151 2432 particutares
1174 2370 1260 2419 sibi
1293 2386 1444 2419 coenas
1476 2387 1614 2436 para-

27 2438 157 2495 bant,
180 2441 260 2488 ubi
291 2457 393 2491 sese
417 2444 769 2508 ingurgitabant,
792 2446 886 2495 aliis
906 2449 1089 2496 interim
1121 2449 1438 2500 esurientibus.

102 2512 166 2566 Et
192 2515 314 2566 hunc
333 2520 542 2581 abusum,
573 2521 773 2589 aliosque
794 2523 908 2573 duos
931 2526 973 2573 ei
1000 2542 1253 2584 connex03,
1276 2529 1464 2593 quippe,
1490 2544 1608 2593 quo-

32 2611 135 2645 rum
169 2614 287 2646 unus
315 2606 407 2648 erat
440 2599 574 2663 hujus
611 2603 778 2652 abusus
812 2621 959 2663 causa,
1003 2622 1173 2673 nempe
1206 2605 1462 2664 dissensi03
1495 2606 1608 2658 alter

33 2676 147 2722 verb
176 2673 384 2738 effectus,
416 2678 588 2729 seilicet
617 2680 800 2746 indigna
832 2686 1114 2747 communio,
1147 2681 1313 2734 Pautus
1339 2683 1415 2735 hic
1438 2682 1606 2736 redarss-

31 2750 129 2812 guit
150 2751 330 2811 acriter,
358 2751 515 2815 dicens
545 2772 558 2801 ε

101 2823 158 2953 {n
189 2825 282 2878 hoc
316 2836 466 2880 autern
499 2832 624 2897 quod
647 2850 769 2885 nunc
791 2837 1012 2887 annuntio
1040 2837 1196 2901 vobiS,
1225 2854 1321 2887 non
1345 2836 1479 2898 laudo
1499 2854 1605 2902 VOS,

31 2905 103 2954 sci
120 2907 242 2956 icet:
