1760 3210
86 69 192 116 iob
431 71 994 118 PRIMAEBPMO‘IAE‘QJ
1009 72 1332 126 cosmos
1738 0 1760 166 l

541 357 917 410 Commentarius
942 355 1133 427 inCap.
1154 381 1211 430 9·-

97 575 99 577 ’
135 598 150 611 .
188 571 236 613 ἰι
254 494 432 615 Nou
446 579 548 614 sum
570 562 725 616 liber?
744 580 841 616 non
860 571 964 616 siim
979 566 1231 633 Apostolus
1242 563 1575 623 PGninve'rso
1588 567 1675 625 ΜΞ

86 634 227 703 dine-2,
248 636 346 691 non'
371 653 474 691 sum
494 638 784 707 Apostolus?
810 642 908 694 non
929 658 1030 696 snm
1051 645 1200 697 liher?
1218 652 1264 697 et
1281 646 1342 696 ita
1362 645 1677 720 divus-Chry&
1756 639 1760 642 ⁴

84 725 343 785 susumus,
378 715 742 788 Theodoretu'sf
761 712 1170 793 Theophylactus.
1202 722 1355 795 'Syrus
1377 725 1534 780 minen
1570 726 1680 799 legit

62 797 204 847 'sicut
225 800 452 865 interpres
473 806 648 854 noster-
1022 800 1027 804 ’
1474 822 1479 825 ·
1570 825 1577 829 ·

159 873 418 942 Apostolus
441 883 490 931 in
526 880 618 931 hoc
640 884 790 948 capite
813 881 1030 932 docturus
1061 879 1287 946 exemplis
1314 882 1438 944 suis,
1476 881 1602 950 quod
1626 884 1678 935 in

86 958 380 1024 praecedente
417 960 575 1010 verbis
620 959 802 1018 docuit3
836 961 1056 1010 nimirum
1095 961 1288 1010 omnino
1336 957 1541 1008 cavenda
1571 975 1678 1011 esse

86 1033 297 1084 scandala
317 1056 327 1084 :
343 1045 388 1086 et
402 1034 551 1098 factis,
567 1039 693 1086 omni
711 1040 858 1087 carnis
873 1035 1150 1088 abstinentia
1158 1036 1302 1087 multo
1321 1035 1675 1103 difficilioribus,

87 1113 362 1177 probaturus
386 1114 513 1180 quod
533 1116 581 1164 in
603 1114 765 1164 ultimo
789 1132 926 1164 versu
952 1114 1096 1164 dixit:
1122 1115 1179 1162 Si
1195 1130 1321 1167 esca,
1341 1119 1435 1164 etc.

157 1185 236 1239 Sic
263 1191 499 1242 exorditur
524 1211 535 1239 :
567 1189 648 1241 An
691 1204 788 1241 non
813 1209 901 1256 ego
926 1208 1030 1240 sum
1060 1183 1358 1258 Apostolus?
1385 1207 1444 1241 an
1465 1207 1562 1241 non
1586 1208 1677 1259 ego
1703 1242 1707 1243 ⁷
1755 1227 1760 1258 :·

86 1287 190 1321 sum
224 1270 374 1321 liber?
395 1271 559 1340 quibus
586 1270 1025 1336 interrogationibus*
1044 1272 1204 1320 asserit
1224 1287 1275 1320 se
1300 1269 1495 1321 liberum
1513 1277 1682 1324 esse‘et

90 1344 389 1418 Apostolum.

159 1427 305 1494 Quod
340 1429 510 1482 Paulus
553 1431 671 1482 liber
694 1438 847 1493 esset,
887 1430 936 1480 id
960 1436 1064 1494 est,
1106 1429 1216 1480 nulli
1257 1431 1560 1497 mancipatus,
1587 1429 1683 1482 hoc

86 1508 234 1560 nullus
261 1529 467 1578 unquam
488 1514 708 1575 negavit;
742 1510 850 1561 ideo
872 1512 1146 1576 probatione
1165 1527 1262 1559 non
1297 1509 1494 1576 indiget.

166 1585 311 1650 Quod
332 1593 444 1638 vero
474 1589 531 1637 sit
558 1583 813 1653 Apostolus
829 1623 845 1650 ‚
890 1586 1076 1651 quidam
1118 1584 1370 1650 malevoli,
1395 1591 1441 1636 et
1465 1585 1683 1654 pseudo-

89 1665 285 1732 apostoli
332 1664 586 1732 negarunt:
628 1666 741 1715 hin'c'
768 1670 927 1715 contra
950 1682 1033 1715 eos
1059 1666 1283 1726 breviter,
1322 1665 1407 1715 sed
1433 1664 1683 1715 efficaciter

86 1740 414 1811 Apostolatum
446 1762 580 1794 suum
604 1746 795 1809 probat,
827 1743 987 1794 dicens
1010 1765 1022 1794 ε
1045 1744 1223 1793 Nonne
1251 1738 1488 1793 Christum
1513 1743 1683 1795 Jesum

90 1822 348 1873 Dominum
370 1832 579 1872 nostrum
599 1822 733 1873 vidi?
753 1818 864 1872 Act.
885 1841 934 1892 9.
963 1812 1021 1873 Ὶῗ.
1049 1819 1098 1871 5.
1640 1834 1642 1836 ’

173 1900 322 1967 Quasi
360 1903 564 1954 diceret:
595 1901 726 1965 Quid
760 1901 875 1951 mihi
891 1901 1022 1951 deest
1047 1900 1106 1950 ad
1132 1895 1489 1966 Apostolatum?
1508 1899 1688 1952 Nonne
1744 1900 1745 1903 ’

88 1982 359 2034 ,Dominum
404 1991 614 2031 nostrum
639 1981 807 2031 Jesum
846 1980 1088 2030 Christum
1114 1980 1256 2030 vidi?
1293 1997 1391 2031 non
1430 1979 1674 2032 mortalem

89 2060 302 2127 quidem,
326 2059 410 2110 sed
430 2060 679 2125 gloriosum
696 2098 709 2122 ‚
737 2067 782 2110 et
802 2061 851 2109 in
870 2059 996 2109 coelis
1033 2057 1306 2126 regnantem
1328 2076 1341 2106 ε
1363 2073 1524 2108 nonne
1541 2059 1600 2109 ab
1615 2075 1675 2110 eo

89 2141 256 2190 missus
279 2156 381 2189 sum
407 2138 465 2188 ad
485 2137 932 2204 evangelizandum?
959 2135 1083 2188 Vide
1104 2133 1214 2187 Act.
1243 2135 1322 2187 16.
1348 2133 1415 2199 Ῡ.
1444 2132 1525 2187 15.

162 2218 308 2284 Quod
324 2222 363 2270 si
380 2219 481 2270 haec
503 2237 599 2268 non
631 2218 885 2284 sufficiant,
915 2218 999 2268 sed
1036 2234 1098 2269 ex
1122 2234 1266 2284 opere
1308 2215 1446 2267 vultis
1465 2214 1684 2283 Aposto-
1751 2243 1756 2246 >

90 2300 233 2352 latum
252 2318 406 2350 meum
429 2299 704 2364 dignoscere
721 2319 733 2357 ς

159 2382 335 2432 Nonne
354 2397 468 2443 opus
492 2393 646 2426 meum
670 2395 754 2426 vos
779 2377 889 2425 estis
925 2376 975 2425 in
997 2373 1248 2424 Domino?
1264 2389 1422 2423 nonne
1441 2386 1524 2438 per
1553 2384 1682 2436 prae-

88 2460 384 2518 dicationem,
407 2455 465 2506 ad
483 2454 627 2504 fidem
650 2452 844 2504 Domini
866 2469 954 2505 vos
975 2443 1222 2502 converti?
1240 2465 1398 2500 nonne
1414 2463 1497 2515 per
1512 2441 1684 2499 Evan-

89 2540 261 2606 gelium
287 2540 335 2588 in
363 2532 549 2586 Christo
571 2551 657 2584 vos
676 2536 832 2598 genui.
1198 2529 1210 2541 ⁴

160 2611 218 2670 Ῠ.
250 2638 297 2668 2.
334 2617 397 2666 Ec
424 2619 469 2666 si
504 2617 614 2664 aliis
647 2632 741 2663 non
780 2631 884 2662 sum
910 2607 1234 2675 Apostolus....
1269 2603 1406 2656 Licet
1438 2619 1548 2670 ergo
1584 2601 1685 2654 aliis

92 2714 193 2750 non
221 2714 374 2746 essem
390 2691 647 2761 Apostolus
661 2729 674 2754 ‚
692 2697 801 2742 sane
817 2709 916 2741 sum
942 2689 1225 2740 indubitatus
1238 2681 1493 2750 Apostolus
1507 2687 1681 2733 vester.

164 2773 302 2823 Nam
334 2772 631 2835 signaculum
659 2766 962 2835 Apostolatds
989 2763 1207 2817 me1'....id
1230 2769 1327 2825 est,
1351 2777 1437 2812 vos
1467 2762 1555 2827 ipsi
1578 2761 1689 2826 sig-

96 2852 310 2906 naculum
354 2852 464 2901 estis
491 2846 795 2914 Apostolatfis
838 2851 966 2911 mei,
991 2847 1095 2914 quia
1135 2840 1446 2908 Apostolatus
1471 2853 1602 2889 meus
1634 2837 1685 2887 in

97 2933 238 2984 vobis
262 2928 476 2994 sigillatus
495 2938 582 2977 est.
