1760 3210
405 43 627 115 ‘minax
665 75 947 119 EXPOSJTIO.
990 56 1233 123 Cap.1V.
1455 51 1584 110 Ἣιειι

89 146 245 217 Aliqui
267 151 519 216 intelligunt
544 149 602 200 de
628 151 795 199 virtute
820 147 1017 197 faciendi
1052 144 1286 208 miracula,
1312 153 1478 212 quanta
1504 162 1587 212 per

0 245 105 316 'eos
123 226 255 280 Deus
277 238 487 296 operatus
507 232 585 281 sit.

68 303 164 369 fi.
205 327 291 358 20.
320 306 435 356 Non
456 309 580 356 enim
606 307 655 354 in
679 321 935 353 sermone...
969 319 1163 367 regnum
1187 258 1332 364 Dei,
1361 297 1591 351 Christia-

26 385 229 446 nismus‚
257 401 340 449 per
371 400 509 450 quem
535 377 673 432 Deus
713 387 872 445 regnat
895 383 942 428 in
970 379 1132 439 nobis,
1162 396 1257 429 non
1302 381 1509 429 consistit
1543 380 1591 428 in

27 460 226 512 facundo
258 476 476 512 sermone
494 497 506 519 ,
533 477 613 509 seu
639 461 688 508 in
721 457 958 514 sacund1a3
990 457 1074 507 sed
1114 459 1161 506 in
1184 459 1349 506 virtute
1378 459 1592 523 operibus

27 539 260 601 exhibita,
298 547 345 589 et
383 540 611 605 praecipue
647 540 694 588 in
719 537 982 599 toierantia‚
1024 538 1084 586 de
1105 554 1193 602 qua
1214 532 1271 588 fi.
1301 555 1374 587 ιο.
1407 557 1484 589 ιι.
1507 545 1595 589 etc.

30 613 127 680 Qui
164 634 247 682 pei·
289 618 505 667 virtutem
541 616 793 680 intelligunt
831 614 1084 680 potentiam
1129 613 1342 663 miracula
1375 613 1598 677 faciendi,

29 692 258 760 explicant
278 713 290 743 t
311 690 425 744 Non
447 695 570 744 enim
591 694 746 743 verbis
771 692 963 742 excultis
986 698 1032 740 et
1056 690 1252 753 tumidis,
1275 691 1358 741 sed
1376 691 1597 740 miraculis

28 767 221 837 Spiritus
237 774 379 822 sancti
403 773 572 822 vistute
590 772 725 822 editis
742 808 754 832 ‚
784 769 1032 820 stabilitum
1049 776 1118 818 est
1142 786 1334 833 regnum
1352 764 1460 817 Dei.

99 842 157 900 Ῡ.
182 868 264 900 21.
300 850 431 914 Quid
452 851 648 900 vultis...
674 856 825 898 utrum
853 852 879 897 ὲ
917 847 1097 897 duobus
1122 846 1316 911 eligitis?
1347 864 1406 895 an
1429 854 1477 899 ut
1506 862 1600 896 ve·-

32 928 158 976 niam
177 925 236 974 ad
260 942 345 974 vos
371 942 476 975 cum
492 926 649 989 virga?
668 923 827 987 idest,
853 927 1121 986 severitate,
1150 942 1232 974 seu
1250 941 1352 974 cum
1378 931 1601 990 potestate

34 1001 260 1068 puniendi
281 1002 400 1050 filios
421 1002 653 1067 dyscolos,

102 1077 187 1130 An
221 1080 371 1145 potius
408 1079 457 1127 in
489 1079 650 1141 spiritu
677 1077 932 1131 dilectionis
968 1086 1011 1128 et
1053 1078 1443 1129 mansuetudinis?
1474 1094 1532 1128 an
1555 1086 1605 1128 ut

33 1165 162 1225 pater
185 1154 402 1207 severus?
424 1172 484 1204 an
504 1162 552 1204 ut
572 1162 698 1220 pater
719 1154 979 1218 benignus?

39 1290 347 1344 corollarium
386 1294 579 1358 pietatis
592 1328 610 1352 ‚
661 1310 740 1341 seu
787 1293 836 1340 in
874 1292 962 1341 hoc
994 1289 1162 1358 Capite
1190 1293 1238 1354 4.
1284 1294 1352 1342 ad
1382 1295 1606 1359 pietatem

260 1373 472 1438 maxime*
497 1371 706 1420 notanda
721 1407 738 1431 ,
767 1379 813 1419 et
830 1371 897 1419 ad
913 1372 1104 1436 praoeim
1124 1371 1389 1434 redigenda.

41 1517 364 1636 PRAELA'n,
397 1573 657 1634 Doctores,
693 1570 864 1624 Christi
905 1584 1011 1625 sunt
1043 1576 1237 1624 ministri
1261 1581 1306 1625 et
1340 1577 1605 1637 oeconomi,

13 1716 17 1717 ⁷
44 1655 122 1720 qui
142 1652 202 1703 de
220 1670 299 1703 sua
324 1655 580 1703 oeconomia
602 1653 827 1700 rationem
851 1649 959 1701 Deo
979 1660 1086 1701 sunt
1111 1650 1351 1701 reddituri.

115 1726 237 1792 Quia
275 1726 446 1780 Christi
480 1736 584 1779 sunt
620 1730 880 1789 oeoenomi,
909 1732 935 1777 a
962 1727 1230 1778 Christianis
1275 1736 1381 1778 sunt
1421 1728 1609 1793 quidem

41 1805 333 1867 honorandi3
367 1825 462 1858 non
483 1803 876 1869 verb'judicandi‚
906 1806 992 1856 sed
1013 1806 1191 1856 domini
1221 1809 1289 1856 sui
1324 1805 1492 1869 judicio
1526 1824 1608 1857 re-

39 1882 296 1951 linquendi.

115 1955 238 2025 Quia
257 1971 410 2012 autem
439 1956 623 2011 Christo
638 1972 749 2026 vsunt
772 1967 831 2016 de
850 1982 929 2014 sua
961 1968 1218 2016 oeconomia
1239 1969 1466 2016 rationem
1492 1964 1610 2016 red-

45 2039 211 2100 ditm-i,
241 2039 453 2090 studeant
474 2041 558 2104 ipsi
583 2040 777 2091 fideliter
813 2044 1066 2092 ministrare
1083 2081 1097 2106 ‚
1121 2042 1454 2110 hominumque
1481 2043 1611 2106 judi-

43 2119 119 2169 cia
151 2135 307 2183 parum
329 2123 566 2181 curan-tes,
603 2116 800 2169 Domini
823 2120 1039 2185 judicium
1062 2124 1283 2187 timeant,
1311 2125 1386 2189 qui
1410 2131 1456 2172 et
1473 2120 1611 2171 abdi·-

7 2193 10 2196 ’
43 2199 216 2248 tissima
238 2196 565 2248 manifestabit.
587 2195 710 2250 Vide
725 2195 792 2260 Jff.
828 2219 870 2249 1.
895 2219 942 2251 2.
965 2199 1013 2251 3.
1033 2200 1082 2263 4.
1111 2198 1157 2252 5.

113 2272 314 2326 Versum
339 2277 585 2342 septimum
610 2286 799 2341 penetra
815 2315 829 2341 ‚
864 2287 909 2329 et
935 2279 994 2329 de
1019 2279 1139 2329 nulla
1165 2296 1215 2329 re
1233 2282 1353 2331 vane
1381 2279 1614 2345 gloriabe-

0 2391 1 2409 1
23 2355 131 2414 iris,
157 2352 243 2403 sed
260 2352 319 2402 de
345 2354 471 2402 omni
501 2353 690 2417 gloriam
713 2349 828 2405 Deo
848 2354 995 2406 dabis,

0 2487 2 2500 Ι
113 2431 443 2498 Apostolorum
475 2436 616 2484 vitam
636 2426 697 2488 Ῠ.
714 2454 763 2503 9.
788 2456 866 2487 ιο.
891 2456 967 2489 u.
996 2456 1072 2488 12.
1097 2439 1374 2506 descriptam
1395 2439 1471 2503 qui
1490 2438 1611 2487 bene

0 2510 4 2560 ἰ
45 2513 340 2576 conceperit,
362 2509 485 2561 hunc
505 2529 598 2562 suae
621 2512 771 2563 mollis
789 2549 802 2575 ‚
826 2531 958 2564 vanae
979 2523 1023 2565 et
1046 2515 1214 2565 inutilis
1236 2517 1347 2566 vitae
1364 2514 1536 2581 pigebit
1569 2519 1615 2562 et

44 2589 253 2655 pudebit.

116 2663 229 2713 Non
262 2665 312 2714 in
337 2683 545 2718 sermone
566 2678 635 2717 est
682 2685 869 2732 regnum
915 2670 1025 2721 Dei.
1072 2669 1142 2735 fi.
1185 2689 1263 2722 20.
1293 2668 1446 2736 Hujus
1478 2667 1610 2718 veri-

46 2741 149 2794 tatis
163 2742 403 2793 recondam
423 2751 498 2808 tu,
529 2747 604 2810 qui
629 2745 686 2796 de
708 2763 924 2796 sermone
959 2749 1061 2813 plus
1095 2751 1232 2814 quam
1251 2748 1310 2798 de
1348 2748 1442 2798 vita
1462 2753 1614 2796 sancta

47 2818 219 2883 cogitas
239 2825 286 2869 et
313 2836 457 2870 curas.
