1760 3210
423 75 644 113 ‘ramum
676 61 967 114 nxnosrrr'o.
1004 59 1124 126 Cap.
1158 58 1224 111 X.
1505 74 1608 125 πη

35 193 37 195 ·
101 148 172 208 Ita
187 153 330 214 sane,
359 157 406 201 et
441 152 502 202 ita
521 135 719 212 realiter,
753 156 804 199 ut
830 166 916 199 nos
951 165 1120 199 omnes
1143 164 1260 199 unus
1278 147 1438 213 panis,
1467 163 1613 198 unum

19 219 204 296 Christi
224 249 387 297 corpus
406 232 574 293 simus,
598 231 703 296 quia
719 245 782 280 ex
803 245 896 278 uno
925 246 1044 295 pane
1072 226 1374 278 comedimus
1394 261 1408 288 ‚
1440 227 1519 292 qui
1542 232 1613 276 est

12 323 196 374 >corpus
218 304 406 359 Christi.

101 384 235 437 Idem
260 403 368 451 ergo
387 383 620 448 intelligite
641 380 700 432 de
728 381 994 431 bibentibus
1017 380 1254 440 libamen,
1288 387 1333 429 et
1361 378 1419 428 de
1441 396 1610 431 come-

35 465 250 516 dentibus
262 455 535 528 idolothyta3
551 463 889 510 communicant
901 476 1006 509 cum
1020 458 1266 508 daemoniis
1280 457 1445 526 quibus
1457 457 1609 512 oblata

38 553 164 612 sunt.

106 608 250 676 Hoc
234 612 384 713 ipsum
401 622 558 673 videte
571 639 631 672 ex
650 614 845 671 Judaica
863 619 1099 686 religione.
1115 615 1294 670 Nonne
1313 635 1475 670 omnes
1489 617 1610 686 apud

32 696 230 752 Judaeos
246 738 260 762 ,
285 702 360 766 qui
384 699 442 749 de
466 700 667 749 victimis
693 697 966 759 comedunt,
987 696 1124 747 oblati
1147 695 1352 745 sacrificii
1374 703 1478 745 sunt
1495 713 1611 761 par-

30 780 226 846 ticipes?
253 782 314 829 ita
337 795 455 843 ergo*
481 776 742 844 idolothyta
768 775 1065 826 comedentes
1081 811 1095 838 ‚
1119 773 1324 840 sacrilegi
1344 773 1608 827 daemonum

32 859 238 910 sacrificii
274 863 379 907 sunt
398 857 664 922 participes.

102 932 183 987 An
198 972 212 995 ,
231 941 476 1000 propterea
494 969 508 995 ,
527 931 629 982 dico
645 929 815 982 idolum
831 969 845 995 ,
867 939 946 982 aut
962 929 1272 998 idolothytum
1285 928 1455 996 aliquid
1470 928 1606 981 esse?

39 1013 254 1063 minime.

102 1102 198 1158 Sed
222 1105 356 1167 dico,
377 1103 500 1170 quod
521 1102 630 1153 illud
654 1105 807 1169 ipsum
829 1103 954 1170 quod
973 1100 1187 1155 Gentiles
1208 1103 1476 1169 immolant,
1503 1103 1609 1155 dae-

33 1183 203 1234 moniis
220 1175 488 1243 immolant,
514 1189 560 1231 et
583 1199 678 1231 non
704 1179 841 1231 Deo:
863 1189 910 1231 et
939 1183 1045 1232 ideo
1067 1185 1144 1247 qui
1166 1181 1420 1247 idolothyta
1441 1201 1610 1234 come-

37 1260 180 1322 dunt,
243 1262 580 1313 communicant
637 1277 741 1310 cum
789 1258 1032 1309 daemoniis
1071 1278 1084 1308 ε
1127 1257 1253 1310 ΝοΙο
1319 1268 1472 1310 autem
1525 1266 1618 1311 vos

43 1337 326 1391 Christianos
346 1339 442 1390 fieri
458 1338 719 1390 daemonum
737 1342 887 1389 socios
906 1376 919 1401 ,
946 1356 1031 1404 per
1053 1340 1385 1389 comestionem
1405 1342 1609 1391 carnium

35 1417 125 1470 illis
162 1418 411 1469 oblatarum
434 1415 578 1469 :Non
607 1420 797 1485 potestis
832 1418 1019 1467 calicem
1061 1414 1268 1468 Domino
1296 1426 1610 1469 consecratum
1640 1435 1646 1441 ’

37 1496 225 1558 bibere,
253 1505 301 1546 et
323 1498 481 1546 vinum
507 1495 749 1545 daemoniis
768 1495 974 1545 libatum.

103 1567 215 1619 Non
239 1573 427 1634 potestis
458 1571 606 1622 altaris
644 1568 866 1634 Domini,
903 1579 949 1623 et
974 1569 1120 1621 altaris
1149 1569 1486 1622 daemoniorum
1506 1588 1610 1628 esse

38 1648 302 1715 participes,

14 1748 19 1749 ⁷
105 1737 188 1792 An
224 1736 474 1790 Dominum
509 1739 720 1790 volumus
755 1740 813 1791 ad
842 1739 1123 1808 zelotypiam
1163 1743 1452 1810 provocare?
1475 1740 1608 1796 Num

35 1815 115 1868 ttlo
139 1814 349 1865 fortiores
367 1816 550 1865 sumus?
567 1813 661 1867 Sed
683 1819 775 1867 ais:
801 1815 1047 1886 Numquid
1061 1818 1188 1869 hoc
1176 1837 1223 1870 m
1243 1838 1294 1871 se
1316 1820 1489 1871 licitum
1505 1820 1605 1871 est?
1659 1876 1662 1879 ,

38 1901 142 1946 esto
175 1894 305 1944 liceat
345 1898 393 1945 in
427 1913 480 1945 se
505 1895 824 1969 idolothytum,
843 1898 1087 1949 comedere
1107 1920 1118 1959 ;
1143 1899 1227 1951 sed
1242 1917 1339 1951 non
1353 1900 1607 1966 expediunt

40 1976 196 2024 omnia
211 1991 314 2040 quae
332 1973 497 2026 licent:

104 2069 221 2124 Non
240 2073 518 2139 expediunt,
543 2076 729 2140 inquam
747 2113 759 2134 ,
785 2079 888 2142 quia
908 2092 1003 2126 non
1018 2076 1273 2136 aedificant3
1293 2078 1389 2126 imo
1412 2077 1606 2129 destruit

33 2157 80 2200 et
99 2149 158 2201 ad
175 2153 350 2201 ruinam
371 2151 562 2219 impellit
583 2151 682 2203 haec
703 2155 924 2203 comestio
959 2155 1006 2203 in
1033 2154 1202 2216 idolio,
1233 2152 1305 2204 vel
1331 2170 1483 2204 coram
1519 2156 1604 2205 in·-

28 2227 180 2278 firmo.

100 2307 308 2361 Charitas
333 2319 484 2373 autem
513 2312 647 2362 dictat
673 2318 837 2363 utnon
859 2321 1012 2364 nostra
1037 2331 1322 2381 quaeramus,
1353 2332 1457 2366 cum
1476 2314 1604 2366 alte-

34 2389 127 2437 rius
150 2385 359 2436 scandalo
384 2394 459 2435 aut
479 2389 796 2438 incommodo.

105 2460 245 2512 Hanc
257 2463 443 2512 tandem
461 2465 685 2515 concludo
700 2469 1022 2531 quaestionem,
1047 2484 1288 2535 meamque
1301 2469 1436 2519 vobis
1445 2472 1600 2535 aperio

35 2550 257 2592 mentem.
281 2538 439 2593 Primo
479 2560 539 2594 ex
567 2547 696 2594 omni
733 2545 854 2611 quod
892 2549 938 2596 in
975 2547 1165 2598 macello
1204 2547 1368 2598 venale
1396 2556 1597 2614 prostat,

35 2621 175 2670 emite
195 2629 242 2670 et
262 2622 489 2672 comedite
514 2626 795 2688 promiscue,
827 2624 941 2675 nihil
962 2629 1296 2692 interrogantes
1317 2628 1601 2679 immolatum

31 2701 92 2750 sit
121 2717 180 2769 an
205 2715 316 2749 non.
341 2697 485 2766 quue
519 2711 706 2768 propter
731 2708 1087 2765 conscientiam;
1132 2706 1221 2772 qua
1262 2710 1386 2760 scitis
1426 2709 1600 2760 idolum

33 2778 148 2829 nihil
169 2796 268 2829 esse
281 2816 295 2841 ‚
321 2785 365 2828 et
385 2779 689 2848 idolothytum
707 2783 821 2833 nihil
836 2787 1067 2850 impurum
1087 2785 1280 2847 habere;

97 2873 219 2940 Quia
240 2885 355 2928 terra
378 2885 423 2927 et
443 2883 599 2930 omnia
615 2878 810 2932 Domini
829 2892 961 2949 sunt,
989 2894 1034 2937 et
1055 2886 1160 2938 ideo
1179 2887 1319 2939 bona.
