1760 3210
16 207 1556 239 ἕξω-Μ

293 331 678 394 ANALYSIS
720 330 1022 390 CAPITIS
1066 331 1315 391 PRIMI.

20 473 264 570 Somnum
285 517 564 565 salutatione
587 515 846 580 praemissa,
879 524 931 565 vi
970 532 1005 559 1.
1032 531 1077 561 2.
1111 516 1154 560 3.
1189 515 1247 560 D.
1285 516 1455 564 Paulus
1493 517 1599 563 Deo

45 581 182 628 ratias
201 597 224 624 a
259 580 321 634 it,
344 578 404 625 ob
421 577 674 642 spiritualia
696 578 821 623 dona
853 576 1112 623 Corinthiis
1132 576 1190 622 ab
1207 594 1263 622 eo
1282 578 1469 636 collata,
1488 595 1592 641 quae

0 643 1 675 ἶ
30 641 186 699 ,ihi-isti
211 596 523 700 &vangelium
541 639 588 685 in
611 638 676 684 eis
710 639 1014 692 confirmant,
1050 655 1277 701 spemque
1298 638 1425 684 dant
1458 639 1589 701 quod

13 703 142 751 Deus
153 703 347 764 gratiam
364 701 456 747 illis
471 701 680 750 conferet
691 716 838 762 usque
850 700 901 746 in
916 701 1056 746 tinem
1070 702 1228 746 sancte
1243 700 1596 762 perseverandi,

75 767 176 872 14150
210 778 468 870 hoxioritica
496 822 771 886 praefatione
805 822 1076 869 Corinthios
1111 822 1170 867 ad
1199 822 1343 868 ictum
1371 832 1585 886 paratos,

13 886 124 933 serit
138 886 434 948 Apostolus,
458 894 507 930 at
529 880 719 938 leniter,
739 900 819 930 eos
836 885 1086 932 obsecrans
1103 900 1186 946 per
1200 901 1377 930 nomen
1400 886 1594 932 Domini

14 947 165 993 nostri
183 951 296 992 Jesu
305 944 478 991 Christi
494 977 507 997 ‚
518 955 565 989 ut
577 946 872 1005 natuminter
886 963 965 992 eos
979 946 1179 991 schisma
1191 945 1430 999 dirimant,
1445 953 1495 996 ὴ.
1515 964 1590 994 10.

77 1006 195 1051 Rem
218 1005 413 1066 exponit
429 1037 442 1057 ,
466 1015 514 1049 ut
537 1004 578 1049 ei
596 1004 737 1050 relata
755 1016 848 1059 est,
885 1014 935 1053 ir.
966 1024 980 1051 1
997 1026 1010 1053 1
1025 1043 1034 1054 .
1063 1023 1132 1053 ια.
1155 1007 1304 1066 Hujus
1326 1007 1589 1055 schismatis

10 1064 464 1129 sequelasabsurdas
490 1074 534 1109 et
560 1065 804 1125 sacrilegas
825 1077 1093 1127 exaggerat,
1116 1075 1166 1116 ir.
1198 1070 1267 1112 13.
1293 1069 1388 1114 Deo
1417 1069 1587 1130 gratias

12 1130 133 1190 agit,
152 1127 279 1189 quod
301 1125 476 1172 nullam
498 1141 555 1170 ex
575 1134 800 1195 partesua
820 1127 1053 1172 schismati
1067 1129 1254 1174 dederit
1274 1130 1588 1176 occasionem.

11 1189 108 1237 Vix
131 1204 407 1252 quemquam
426 1219 439 1239 ,
455 1185 635 1247 inquit,
657 1201 741 1247 ego
762 1186 1023 1248 baptizavi;
1058 1189 1384 1234 tantummodo
1411 1191 1585 1251 praedi·

68 1250 140 1307 νίς
158 1250 300 1312 idque
321 1246 619 1355 simp‘liiciter,
635 1263 695 1293 ne
717 1253 802 1309 per
818 1264 891 1294 me
914 1264 1028 1294 crux
1044 1248 1218 1294 Christi
1239 1248 1460 1295 reddatur
1480 1251 1584 1296 ina-

51 1311 225 1364 isara
270 1348 280 1358 .
314 1311 426 1357 15.1
469 1325 525 1353 ,ι
568 1342 578 1352 .

75 1320 418 1420 Ρνεεᾶἰέειῑὶοηίε
433 1323 887 1432 ειιειεζίωρῐίςὶῐαῑετη
910 1368 976 1414 sic
992 1368 1234 1430 justificat,
1256 1380 1307 1417 ut
1325 1380 1370 1418 et
1384 1370 1585 1422 latenter

17 1443 224 1482 transeat
243 1433 300 1486 ad
322 1431 580 1479 schismatis
601 1445 968 1492 causam,‘quam
996 1430 1191 1477 omnino
1213 1431 1436 1487 destruat.

76 1495 196 1552 Quia
217 1495 355 1556 igitur
375 1511 430 1540 ex
455 1492 602 1540 nimio
622 1491 838 1537 humanae
858 1492 1097 1553 sapientiae
1117 1492 1273 1538 studio
1307 1506 1353 1539 et
1373 1495 1551 1539 affectu
1573 1526 1588 1548 ,

51 1565 176 1601 atum
205 1566 275 1601 est
294 1554 645 1601 Corinthiorum
676 1551 796 1597 circa
826 1552 1148 1612 magistrorum
1175 1569 1367 1599 suorum
1390 1554 1583 1615 praecel·

33 1617 206 1664 entiam
227 1615 425 1662 schisma
441 1633 454 1674 3
470 1625 518 1660 ut
534 1613 652 1659 illud
674 1612 894 1657 radicitus
911 1613 1083 1658 evellat
1098 1649 1113 1672 ‚
1131 1614 1354 1674 aperiteis
1374 1615 1458 1660 Uei
1475 1632 1585 1660 con-

41 1678 165 1724 'lium
180 1713 193 1731 ,
216 1678 431 1723 homines
449 1692 531 1738 per
551 1674 699 1720 crucis
727 1673 970 1718 stultitiam
991 1674 1145 1720 salvos
1165 1673 1369 1720 faciendi
1383 1708 1395 1730 ,
1421 1692 1584 1738 repro-

78 1740 120 1784 ta
146 1740 170 1784 a
188 1739 288 1784 Deo
308 1736 535 1800 sapientia
561 1734 791 1787 saeculari,
818 1741 867 1782 tr.
897 1740 967 1781 18.
1321 1768 1328 1776 .

76 1801 180 1846 Hoc
199 1800 279 1845 uei
300 1798 547 1845 consilium
571 1796 738 1860 probat
758 1796 815 1841 ab
840 1795 953 1840 [saia
974 1794 1270 1857 praedictum.
1290 1803 1342 1847 ᾗ.
1375 1813 1446 1857 19.
1470 1799 1585 1844 Pro·

78 1872 95 1907 t
132 1862 190 1907 de
223 1861 347 1908 facto
380 1858 710 1929 adimpletum,
747 1864 799 1905 ὴ.
837 1872 906 1901 ao.
950 1857 1098 1917 Hujus
1132 1859 1361 1904 rationem
1399 1860 1580 1918 reddit,

56 1954 68 1966 .
93 1939 168 1970 οι.
188 1923 295 1999 quia
315 1939 400 1984 per
426 1920 700 1983 sapientiam
731 1917 934 1964 mundus
973 1920 1117 1964 Deum
1140 1935 1237 1965 non
1270 1920 1584 1982 glorificavit3

51 1985 147 2035 inc,
170 1998 225 2028 ea
244 1982 518 2043 reprobata,
549 1983 643 2027 Deo
665 1980 840 2043 placuit
863 1996 946 2042 per
967 1979 1116 2025 crucis
1135 1980 1378 2028 stultitiam
1403 1982 1584 2031 salvare

41 2042 273 2088 redentes.

77 2103 247 2149 Mirum
269 2101 456 2167 quidem
482 2102 564 2147 Dei
590 2100 809 2163 placitum
824 2134 838 2155 ,
855 2111 900 2147 et
918 2101 1163 2148 hominum
1188 2101 1371 2172 placitis
1392 2106 1586 2169 opposi-

38 2167 146 2211 uml
172 2180 282 2210 nam
301 2163 454 2211 Judaei
476 2163 606 2224 signa
632 2171 822 2224 petunt,
847 2173 893 2208 et
920 2163 1070 2209 Graeci
1099 2165 1374 2225 sapientiam
1391 2200 1405 2220 ‚
1430 2174 1480 2215 ir.
1504 2183 1582 2217 22.

50 2236 66 2271 t
84 2241 172 2272 nos
193 2225 434 2288 Apostoli,
453 2225 532 2270 Dei
551 2223 722 2286 placito
740 2223 1037 2280 obedientes,
1056 2224 1299 2273 hominum
1345 2228 1480 2274 tacita
1495 2245 1587 2274 ne·

46 2285 77 2332 li
110 2295 270 2342 entes,
297 2285 569 2348 simpliciter
588 2283 892 2347 praedicamus
909 2286 1209 2344 crucifixum3
1232 2288 1290 2332 Ju
1331 2288 1427 2349 aeis,
1449 2306 1585 2337 scan-

77 2303 202 2408 fum3
219 2348 436 2406 gentibus
456 2382 469 2401 ,
493 2345 762 2399 stultitiani;
787 2346 1002 2392 fidelibus
1024 2349 1156 2406 vero,
1183 2348 1264 2393 Dei
1297 2349 1516 2396 virtutem
1537 2362 1586 2398 et

42 2409 292 2471 apientiam
311 2443 323 2462 ,
345 2409 474 2454 omni
496 2408 699 2453 humana
723 2408 892 2453 virtute
914 2417 960 2453 et
986 2408 1210 2471 sapientia
1237 2408 1378 2472 longe
1404 2422 1450 2458 et
1473 2413 1585 2459 infi-

54 2469 116 2514 ite
134 2470 445 2532 superiorem,
465 2477 515 2518 ὴ.
535 2469 607 2513 23.
630 2476 712 2526 24«
726 2470 803 2515 25.

78 2529 181 2576 Hoc
207 2531 288 2577 Dei
307 2530 554 2576 consilium
580 2529 812 2575 Corinthii
845 2529 894 2575 in
927 2545 1007 2576 sua
1038 2531 1247 2594 ipsorum
1276 2535 1587 2582 conversione

50 2589 236 2637 ideantz
258 2591 630 2638 animadvertent
647 2590 775 2652 quod
794 2590 963 2647 stulta4
983 2594 1167 2638 inlirma
1189 2603 1234 2639 et
1255 2597 1588 2659 contemptibi-

38 2651 230 2698 id-Deus
262 2652 424 2714 elegit.
447 2663 497 2698 ut
524 2652 783 2714 sapientes,
823 2662 1038 2714 potentes
1059 2664 1105 2699 et
1128 2655 1178 2700 in
1211 2655 1413 2703 maximo
1436 2658 1585 2721 pretio

54 2709 203 2756 abitos
228 2713 563 2766 confunderet,
586 2720 634 2760 51.
667 2713 738 2758 26.
762 2727 836 2770 27.
860 2713 935 2758 28.
1164 2763 1167 2765 ‚
1300 2719 1302 2723 ’

80 2771 140 2816 Et
160 2771 282 2831 hoc,
302 2785 352 2820 ut
379 2784 472 2820 tota
498 2783 654 2819 nostra
681 2773 893 2835 gloriatio
917 2773 1004 2827 sit,
1035 2790 1130 2820 non
1156 2774 1204 2821 in
1238 2777 1402 2834 nobis,
1427 2781 1590 2827 necin

64 2831 119 2877 iis
139 2832 432 2894 hominibu53
449 2835 531 2881 sed
548 2835 595 2879 in
613 2835 800 2880 Christo
822 2835 960 2888 Jesu.
982 2834 1060 2896 qui
1078 2847 1237 2882 nostra
1256 2839 1404 2885 factus
1426 2850 1495 2888 est
1512 2859 1590 2889 sa-

52 2888 192 2941 tentia
210 2927 224 2952 ,
243 2894 416 2956 justitia
433 2928 447 2950 ‚
470 2897 689 2943 sanctitas
709 2907 757 2943 et
777 2895 1038 2960 redemptio
1059 2933 1076 2959 ,
1093 2903 1142 2947 9!-
1162 2913 1238 2958 29.
1256 2901 1333 2947 30.
1357 2902 1434 2947 31.
