1760 3210
667 97 949 135 raAErA'rm.
1029 146 1032 150 Ι
1564 79 1598 132 3

103 184 347 250 Deinde
386 186 589 267 capite
616 181 881 267 septimo
907 195 968 245 et
990 181 1397 265 sequentibus
1422 185 1600 248 varia

22 287 146 354 sibi
157 287 472 370 proposita
493 283 685 347 dubia
700 284 959 371 resolvit
978 329 995 362 ,
1016 284 1092 346 de
1108 285 1508 347 matrimonio
1537 299 1602 347 et

25 388 402 472 virginitate,
421 383 499 447 de
514 407 622 447 esu
635 385 1158 472 idolothytorum,
1177 383 1254 445 de
1269 386 1609 449 mulierum

4 487 94 550 ‘in
121 487 371 571 templis
411 487 751 564 velatione,
786 487 863 548 de
891 488 1092 549 Coena
1120 486 1551 551 Eucharistica
1570 534 1591 566 ‚

29 587 115 651 de
158 585 438 672 'Spiritfis
482 591 681 651 sancti
721 586 902 650 donis
936 633 953 664 ‚
1021 587 1098 649 de
1186 587 1610 669 praecellentia

30 693 374 770 charitatis7
407 691 485 754 de
506 715 623 754 usu
653 692 963 755 donorum
1003 692 1217 753 Sancti
1240 691 1508 774 Spiritfis
1539 695 1609 754 in

30 795 308 857 Ecclesia
333 841 351 871 ,
384 794 462 856 de
491 817 832 878 corporum
881 793 1376 871 resurrectione,
1422 815 1615 875 quam.

32 896 262 977 probat
295 907 358 955 et
398 895 689 977 explicat.

115 995 405 1074 Denique
432 996 792 1057 Corinthios
813 997 894 1057 ad
916 997 1340 1083 eleemosynas
1361 998 1398 1058 J
1402 1019 1611 1060 eroso·

31 1093 353 1181 lymitanis
373 1096 757 1177 pauperibus
781 1095 1098 1158 faciendas
1120 1099 1435 1159 hortatur.

119 1198 364 1280 Scripta
392 1208 483 1259 es't
511 1199 648 1259 haec
669 1199 930 1280 epistola
953 1200 1207 1282 Ephesi,
1234 1202 1301 1260 in
1328 1203 1503 1276 Asia,
1533 1216 1606 1264 ut

37 1298 351 1382 colligitur
376 1322 450 1363 ex
479 1322 617 1383 cap.
664 1300 760 1361 16.
796 1314 869 1380 yffi.
896 1306 956 1361 8.
989 1302 1091 1362 vel
1114 1301 1332 1362 saltem
1360 1303 1425 1361 in
1466 1301 1615 1363 loco

37 1389 327 1460 civicino
351 1444 367 1475 ‚
415 1421 580 1461 anno
620 1400 855 1461 Christi
893 1401 991 1478 57.
1033 1406 1102 1465 V
1098 1404 1349 1463 ideatar
1387 1403 1474 1462 D.
1530 1403 1616 1464 de

48 1500 386 1574 Tillemont,
411 1511 560 1560 nota
593 1501 697 1559 44.
725 1502 787 1560 in
820 1503 885 1560 S.
917 1503 1204 1578 Paulam,
1231 1514 1294 1562 et
1310 1505 1383 1562 P.
1417 1505 1615 1562 Ame-

39 1599 184 1657 lotte
198 1599 260 1658 in
280 1600 538 1676 Praefczt,
553 1599 956 1660 Fromondccs.
973 1601 1205 1660 Cornel.
1233 1600 1273 1659 (ὶ
1299 1601 1461 1681 Lap.
1487 1599 1615 1664 Es*

41 1694 184 1754 tius.
