1760 3210
392 65 621 111 tamnu
648 65 936 106 arenosi-rio.
963 47 1091 119 Cup.
1122 50 1264 105 Χῖ).
1484 53 1599 117 μ[μῶ

37 180 64 212 2„
85 144 219 202 Celo
239 162 338 200 non
371 130 611 211 potietur,-
640 141 718 208 qui
745 157 843 192 non
867 140 1067 192 desierit
1093 140 1350 192 secundum
1368 141 1599 195 desideria

33 227 180 281 earnis
201 232 250 275 et
271 223 503 288 sanguinis
528 221 706 270 vivere.

41 350 43 352 .
76 303 261 369 „Neque
287 299 593 364 corruptio....
615 297 776 348 clarius
795 295 948 347 adhuc
969 297 1167 363 explicat
1185 299 1294 366 quid
1317 316 1400 366 per
1419 316 1606 351 carnem

31 381 355 445 &sanguinem
371 375 649 427 intellexerit
667 393 680 432 ς
695 371 869 423 scilicet
884 389 1022 439 opera
1039 377 1201 435 carnis,
1222 375 1488 440 libidinem,
1511 383 1604 427 etc.

91 455 314 523 Quisquis
336 472 447 520 ergo
472 452 704 503 desiderat
727 450 787 501 ad
809 453 1162 517 incorruptionis
1199 452 1386 518 gloriam
1415 469 1601 518 perve-

28 539 156 598 nire,
197 534 386 586 festinet
424 549 563 598 opera
597 531 744 580 carnis
778 529 1041 596 deponere,
1087 541 1134 582 et
1169 531 1363 582 coelestis
1399 531 1602 583 hominis

27 615 313 687 imaginem,
352 614 510 661 sancte
534 606 770 671 vivendo,
802 617 989 673 portare
1007 645 1021 671 ,
1049 612 1111 659 ait
1132 606 1200 660 D.
1223 606 1491 661 AnselmuS.

92 688 143 741 Si
168 696 370 739 sumatur
389 686 609 754 physice,
644 687 841 752 explicat
879 688 1220 753 praecedentem
1258 705 1445 738 versum
1478 690 1605 752 juxta

25 763 249 834 Graecum
269 762 578 822 hodiernum,
607 771 770 828 estque
795 782 991 814 sensus.

94 841 220 894 Caro
239 852 285 892 ει
304 844 501 915 sanguis
523 843 752 906 naturalis,
777 843 1099 909 corruptibilis,
1123 861 1204 893 seu
1227 861 1390 910 corpus
1412 843 1606 895 animale

23 933 77 983 et
103 933 335 976 terrenum
353 963 367 989 ,
393 923 524 991 quale
554 942 680 974 nunc
713 924 936 976 habemus
957 925 1014 975 ab
1041 921 1252 988 Adamo,
1285 923 1605 991 regnumDei

63 1003 267 1054 ossidere
290 1020 387 1053 non
410 1009 599 1070 possunt
624 1021 635 1051 ε
663 1021 766 1053 cum
782 1003 856 1054 illo
873 1004 1030 1068 gloriae
1053 1006 1169 1053 statu
1192 1021 1286 1053 non
1304 1006 1608 1056 conveniunt.

95 1080 263 1147 Neque
280 1128 283 1129 γ
301 1081 585 1145 cot-ruptim..
622 1081 670 1130 id
711 1090 806 1144 est,
847 1100 950 1132 caro
987 1081 1190 1132 animalis
1226 1090 1271 1131 et
1309 1081 1610 1150 corruptibilis

27 1166 197 1229 statum
223 1160 613 1224 incorruptibilem
644 1169 687 1211 et
711 1162 1016 1213 immortalem
1038 1161 1308 1228 possidebit.

97 1239 157 1292 In
194 1237 309 1290 coelo
333 1254 431 1286 non
468 1241 554 1287 erit
577 1238 774 1288 animale
811 1256 975 1303 corpus
995 1278 1009 1302 ,
1035 1238 1118 1289 sed
1141 1238 1369 1305 spirituale
1388 1275 1403 1302 ,
1434 1255 1491 1288 eo
1517 1254 1609 1304 quo

33 1321 167 1386 supra
193 1311 257 1377 Υ.
280 1313 345 1364 38
367 1322 412 1364 et
437 1314 521 1376 42.
549 1314 825 1381 explicatum
850 1323 918 1366 est
939 1333 1093 1366 sensu.

103 1393 206 1446 Erit
224 1395 351 1443 enim
372 1395 475 1442 caro
491 1410 601 1442 vera
623 1400 668 1443 et
681 1392 842 1443 eadem
860 1410 965 1443 curn
980 1401 1133 1443 nostra
1154 1411 1167 1452 ;
1193 1393 1356 1443 eadem
1370 1429 1383 1454 ,
1400 1389 1606 1458 iniquam,

35 1470 189 1537 quoad
226 1470 555 1532 substantiam,
583 1469 666 1520 sed
701 1472 748 1519 in
788 1470 1074 1535 qualitatibus
1112 1470 1347 1520 meliorata
1383 1479 1430 1519 et
1463 1467 1608 1519 multo

34 1547 282 1616 perfectior
300 1583 313 1607 ,
333 1555 383 1596 ut
404 1545 575 1596 dictum
597 1556 667 1597 est
688 1545 755 1611 Υ.
781 1548 848 1610 44
863 1586 877 1612 ,
896 1556 943 1597 et
965 1556 1015 1598 ut
1040 1565 1217 1598 rursum
1238 1547 1415 1597 dicetur
1434 1545 1505 1612 Υ.
1524 1546 1612 1598 53.

60 1692 63 1694 q
105 1616 173 1689 Υ.
190 1625 219 1675 5
232 1645 272 1677 ι.
298 1625 422 1674 Ecce
441 1628 710 1691 mysterium
729 1628 862 1676 vobis
882 1627 1044 1676 dico...

103 1702 221 1756 Post
242 1704 408 1753 solutas
427 1703 805 1770 philosophorum
827 1705 1114 1769 objectiones
1131 1740 1144 1764 ,
1167 1698 1419 1768 Apostolus
1438 1698 1608 1754 Corin·

35 1777 163 1829 thios·
180 1777 450 1843 alloquitur,
474 1775 632 1839 eteris,
651 1779 825 1830 utnihil
843 1779 930 1829 hac
947 1782 994 1830 in
1011 1797 1059 1830 re
1079 1780 1241 1841 lateat,
1268 1779 1404 1830 docet
1417 1779 1608 1828 modum

37 1848 130 1925 quo
152 1857 235 1906 fiet*
253 1858 540 1910 resurrectio.

109 1934 248 1982 Ecce.
294 1930 400 1983 Vult
438 1932 538 1983 illos
576 1926 810 1997 attentos',
848 1954 1064 2002 magnum
1102 1937 1212 2002 quid
1244 1943 1289 1986 et
1321 1950 1535 1984 arcanum
1560 1941 1608 1984 et

38 2012 258 2066 hactenus
279 2014 533 2068 inauditum
552 2053 566 2078 ‚
596 2020 661 2067 eis
683 2018 882 2067 dicturus
903 2020 1197 2083 mysterium.

110 2095 286 2144 Omnes
303 2095 484 2160 quidem
501 2114 787 2160 resurgemus
809 2097 952 2157 (boni
975 2099 1145 2149 scilicet
1160 2106 1204 2148 et
1225 2095 1381 2157 mali).
1401 2090 1500 2143 Sed
1511 2114 1606 2145 non

36 2185 196 2222 omnes
218 2174 577 2222 immutabimur
587 2174 691 2244 „ad
713 2175 927 2239 gloriam,
947 2193 1028 2225 seu
1046 2193 1139 2225 non
1158 2191 1319 2224 omnes
1341 2191 1399 2223 ex
1421 2175 1606 2222 anima-

10 2244 154 2299 tibus
174 2250 339 2300 fiemus
366 2251 620 2316 spirituales
646 2249 739 2312 (eo
761 2270 851 2318 quo
874 2257 1008 2319 supra
1030 2254 1200 2303 dictum
1218 2259 1285 2302 est
1305 2249 1499 2313 modo),-
1521 2249 1608 2300 sed

0 2370 3 2378 .
37 2332 214 2380 tantum
245 2331 368 2392 justi.

0 2387 3 2494 l
107 2401 301 2455 Graecus
321 2405 572 2458 hodiernus
595 2401 739 2461 habet
760 2413 950 2461 omnino
971 2412 1265 2462 contrarium.
1294 2406 1476 2460 Omnes
1495 2411 1606 2474 qui-

36 2483 146 2545 dem
191 2502 288 2535 non
325 2486 634 2544 dormiemus.
679 2507 842 2541 omnes
872 2500 1025 2542 autem
1061 2492 1421 2557 immutabimur.
1456 2487 1605 2556 Syrus

35 2565 176 2614 etiam
202 2581 214 2613 ε
239 2561 352 2614 Non
390 2583 552 2616 omnes
580 2569 955 2634 obdormiemus,
996 2587 1159 2625 omnes
1197 2576 1351 2618 autem
1386 2569 1606 2618 immuta-

0 2645 1 2672 ³
34 2645 205 2695 bimur.
477 2659 479 2662 ·

104 2719 244 2772 Hanc
269 2721 462 2776 litteram
500 2735 752 2793 sequuntur
784 2736 830 2779 et
854 2728 1084 2794 explicant
1121 2725 1185 2778 D.
1221 2723 1607 2794 ChrysostomuS,

31 2797 391 2868 Theodoretus,
432 2802 478 2855 T
482 2805 830 2874 heophylactus.
870 2805 933 2858 Et
961 2814 1150 2874 propter
1184 2807 1309 2857 hunc
1335 2813 1525 2877 *textum
1560 2811 1608 2854 et

32 2886 220 2946 propter
239 2882 383 2933 verba
404 2878 646 2950 Apostoli,
685 2888 846 2953 primae
877 2886 937 2936 ad
965 2883 1139 2939 Thess.
1173 2885 1235 2951 lf,
1263 2877 1321 2938 fi.
1353 2883 1430 2946 ¹4·
1454 2879 1606 2932 Graeci
