1760 3210
429 91 665 131 ‘tarpmx
687 73 1279 146 Exposmo.cap.X11.
1520 77 1624 133 313

115 161 242 220 Ala
247 183 426 235 genera
465 165 767 232 linguarum,
793 161 840 213 id
870 171 965 226 est,
992 163 1169 213 donum
1206 165 1342 214 variis
1370 163 1534 231 linguis
1563 166 1640 243 lo-

41 208 260 312 &quetidi-

142 332 250 384 Alii
266 328 582 393 interpraetatio
610 345 887 377 sermonum.
915 323 1000 378 Gr.
1031 327 1313 394 linguarum3
1342 329 1514 380 donum
1545 330 1643 382 lin-

70 426 182 476 guas
209 410 470 475 peregrinas
496 391 851 470 interpretandi,
875 421 957 453 seu
991 404 1167 455 donum
1193 406 1516 471 interpretandi
1536 424 1639 474 quae

54 479 146 548 ¹alii
167 487 329 552 linguis
355 485 602 551 peregrinis
618 480 756 537 locuti
779 490 903 532 sunt.

142 574 256 634 Non
275 577 399 626 enim
427 573 627 638 quisquis
645 571 847 638 linguam
870 579 1022 629 tenet3
1059 572 1184 623 idem
1206 590 1418 624 arcanum
1453 591 1639 627 sensum

70 655 442 708 sermonistenet
460 687 476 712 ‚
499 651 562 700 ait
580 645 817 710 Erasmus,

5 800 11 811 τ
36 758 68 790 ε.
92 761 94 764 ’
138 739 268 794 Hinc
289 742 380 791 duo
401 741 522 790 dona
542 748 646 790 sunt
667 739 884 806 loquendi
897 747 943 790 et
959 739 1286 807 interpretandi
1305 739 1493 805 linguas.
1514 739 1635 793 Vide

68 815 253 871 Estium
278 819 354 884 qui
377 820 482 867 citat
498 813 785 880 Caietanum.

141 905 210 971 Ῡ.
240 906 464 956 u.l··1oec
498 913 655 953 autem
694 906 857 952 omnia
886 911 1158 967 operatum„
1184 903 1229 952 id
1250 911 1340 966 est,
1362 921 1445 969 per
1472 906 1568 953 vim
1591 907 1638 955 in

70 985 207 1036 nobis
229 984 450 1034 occultam
477 982 615 1033 efficit
637 1001 758 1032 unus
776 991 821 1031 et
842 983 963 1031 idem
992 979 1036 1026 S
1036 982 1222 1044 perum,
1249 985 1324 1050 qui
1345 999 1427 1049 pro
1449 1000 1532 1032 suo
1559 1000 1640 1033 ar·-

39 1062 233 1112 ·‘bitratu
255 1069 299 1110 et
315 1059 601 1124 beneplacito
632 1059 817 1124 singulis
837 1077 916 1109 sua
935 1060 1055 1109 dona
1079 1059 1320 1110 distribuit.

435 1241 570 1278 NOTA
610 1240 756 1276 LITTE
764 1241 794 1275 R
802 1241 908 1277 ALIS
946 1242 1011 1276 ET
1046 1242 1115 1276 ΜΟ
1121 1243 1181 1277 RA
1191 1242 1258 1278 ms
1265 1265 1275 1276 .

139 1387 274 1455 Saepe
291 1377 456 1458 repetit
485 1386 736 1456 Apostolus
761 1398 804 1440 et.
823 1390 945 1456 quod
967 1389 1070 1439 haec
1095 1392 1218 1440 varia
1245 1390 1368 1441 dona
1389 1393 1445 1442 ab
1469 1410 1560 1443 uno
1590 1403 1634 1444 et

22 1458 24 1461 V
73 1467 239 1518 eodem
258 1475 360 1517 sunt
388 1464 586 1534 Spiritu,
609 1477 652 1518 et
675 1469 798 1534 quod
819 1485 872 1517 ea
894 1465 1024 1517 Deus
1049 1485 1129 1533 pro
1151 1485 1229 1517 sua
1253 1470 1485 1521 voluntate
1513 1489 1636 1522 con-

72 1543 184 1607 fert,
207 1547 311 1611 quia
330 1544 403 1595 hae
423 1549 636 1596 veritates
663 1547 928 1596 necessariae
953 1545 1008 1594 ad
1031 1544 1252 1593 sanandas
1291 1535 1635 1598 Corinthiorum

71 1624 349 1688 supradictas
372 1625 679 1690 aegritudines‚
707 1625 754 1674 id
785 1632 883 1687 est,
915 1624 973 1672 ad
1006 1641 1164 1673 eorum
1188 1624 1519 1675 retundendam
1548 1644 1635 1678 su·-

70 1703 277 1768 perbiam
297 1710 341 1752 et
362 1702 740 1768 exstinguendam
761 1662 979 1751 invidiam
996 1737 1008 1759 ,
1035 1709 1077 1750 et
1097 1719 1237 1751 omne
1259 1702 1494 1754 dissidium
1510 1722 1638 1755 com-

71 1779 354 1846 ponendum.

143 1862 337 1928 Quoties
359 1882 466 1929 ergo
495 1864 634 1924 dicit,
661 1863 783 1930 quod
803 1864 858 1912 ab
882 1880 975 1912 uno
996 1860 1166 1929 Spiritu
1188 1865 1473 1930 procedunt,
1499 1871 1634 1918 toties

74 2020 221 2070 fluunt
242 2018 416 2086 Spiritu
434 2057 447 2081 ,
472 2028 518 2070 et
542 2021 729 2086 quidem
751 2023 874 2087 pacis
901 2014 1119 2070 auctore?

141 2107 337 2174 Quoties
364 2110 475 2160 dicit
499 2111 624 2177 quod
647 2127 701 2160 ea
726 2107 858 2159 Deus
883 2112 1074 2176 gratuito
1100 2118 1144 2159 et
1168 2127 1250 2175 pro
1272 2128 1350 2161 sua
1387 2114 1509 2163 bona
1537 2131 1635 2163 vo-

68 2189 238 2240 luntate
261 2189 601 2251 consert‚toties
623 2191 869 2255 exprobrat
892 2191 1108 2254 superbo.
1132 2186 1288 2252 Quare
1312 2209 1417 2258 ergo
1436 2194 1495 2243 ob
1519 2191 1635 2242 alie-

39 2331 43 2335 ,
68 2283 182 2317 num
197 2274 243 2316 et
265 2272 390 2318 mere
415 2269 655 2331 gratuitum
684 2285 846 2317 munus
875 2265 1071 2317 inflaris?

141 2342 337 2409 Quoties
359 2349 522 2412 repetit
549 2347 671 2413 quod
693 2346 921 2411 inaequalis
955 2346 1055 2397 haee
1084 2346 1311 2395 donorum
1336 2346 1635 2400 distributioa

69 2420 165 2474 Dei
184 2424 474 2488 beneplacito
502 2425 703 2490 pendet,
727 2427 804 2490 qui
827 2442 905 2474 sua
928 2424 1116 2491 singulis
1138 2425 1195 2474 ad
1216 2443 1510 2476 communem
1533 2425 1637 2478 Ec·—

15 2506 42 2554 “,
67 2500 216 2552 clesiae
255 2503 492 2552 utilitatem
533 2501 704 2553 confert
723 2541 738 2566 ,
785 2505 920 2554 toties
964 2504 1208 2570 exprobrat
1250 2504 1427 2555 invido.
1481 2503 1636 2568 Quare

70 2597 179 2647 ergo
199 2588 248 2631 tu
272 2582 354 2632 tibi
378 2576 621 2648 displices?
646 2598 784 2648 quare
812 2582 869 2632 de
895 2579 982 2632 Dei
1001 2583 1290 2648 beneplacito
1313 2585 1638 2649 conquereris?

68 2666 115 2708 tu
137 2660 237 2723 quis
249 2675 301 2709 es
315 2697 328 2721 ,
343 2661 429 2731 ⁴qui
451 2654 554 2712 Dei
575 2662 636 2710 tui
660 2656 998 2751 beneplacituni
1022 2666 1142 2726 aegre
1161 2659 1312 2710 feras?

0 2804 1 2819 χ
135 2734 370 2799 Aliunde,
395 2756 472 2788 cur
488 2739 583 2788 aliis
600 2739 778 2789 invides
805 2739 928 2805 quod
953 2741 1016 2789 eis
1037 2749 1219 2807 propter
1242 2747 1288 2789 te
1307 2739 1462 2790 datum
1485 2742 1590 2792 est?

0 2832 2 2881 :
26 2874 53 2886 Δ,
135 2826 268 2882 Nihil
287 2835 355 2882 'est
376 2848 514 2897 erge,
536 2838 611 2881 aut
635 2830 759 2896 quod
778 2828 854 2880 hle
872 2833 1095 2897 quispiam
1115 2832 1203 2882 sibi
1225 2830 1414 2896 placeat,
1438 2839 1512 2881 aut
1536 2833 1638 2885 dis-

0 2886 2 2998 Ῑ
69 2902 260 2969 pliceat,
283 2914 356 2957 aut
377 2906 433 2956 ab
455 2905 551 2956 aliis
570 2906 822 2969 dissideat;
846 2907 928 2958 sed
956 2916 1023 2959 est
1047 2908 1168 2976 quod
1201 2907 1495 3041 omnesksua
1520 2920 1642 2962 sorte

274 2989 1360 3031 11.1
