1760 3210
465 61 698 100 TumLEx-
718 13 1006 100 Exposrrto.
1040 47 1159 114 Cap.
1195 47 1272 98 ΙΙ.
1577 46 1648 100 53
1709 68 1712 72 ’

31 161 71 191 st·
142 132 307 188 Tertio
322 140 399 202 qui
419 138 558 189 solius
574 141 741 189 animae
755 137 925 188 lumine
946 138 1133 188 naturali
1144 137 1332 198 ducitur,
1353 137 1484 187 etsie
1504 141 1646 190 etiam

29 250 45 270 «ς
74 213 245 278 fidelis,
272 218 351 282 qui
373 223 524 276 tamen
544 234 724 279 sensus,
748 224 794 268 et
810 216 1008 266 naturale
1034 218 1222 265 rationis
1252 215 1406 265 lumen
1434 215 1644 282 plerum-

76 297 165 359 que
185 297 406 359 sequitur,
428 302 474 355 et
492 297 574 345 vix
596 297 783 361 assurgit
810 295 867 344 ad
889 313 968 358 ea,
994 310 1098 361 quae
1125 302 1228 343 sunt
1249 295 1458 344 sensibus
1499 301 1546 345 et
1568 312 1644 345 ra-

73 373 188 423 tioni
205 375 440 439 superiora
454 411 469 436 ‚
491 373 653 425 dicitur
674 375 892 426 animalis·

146 448 419 513 Quo-sensu
442 453 661 514 animalis,
688 453 898 520 parvulus
920 456 966 502 in
999 448 1212 513 Christe,
1243 451 1446 514 carnalis,
1486 459 1532 502 et
1555 459 1642 515 se-

61 527 274 578 cundum
293 527 530 580 hominem
547 568 562 593 ‚
587 520 666 580 hic
692 530 818 581 idem
837 538 958 580 sunt.

139 601 298 670 Itaque
315 606 525 670 parvulus
548 610 594 657 in
613 605 797 658 Christo
813 647 827 671 ,
852 617 898 658 et
927 605 1076 655 adhuc
1100 603 1302 654 animalis
1343 601 1515 665 homo,
1547 603 1644 654 fide

69 676 175 729 licet
197 681 456 742 instructus,
480 691 530 738 >et
556 687 774 749 mysteria
802 682 982 743 credat,
1008 697 1101 748 prae
1135 675 1447 729 imbecillitate
1485 687 1643 729 tamen

67 755 268 820 spiritus,
285 775 378 808 non
397 762 602 827 intelligit
625 780 675 812 ea
699 779 804 827 quae
821 772 925 811 sunt
942 758 1134 826 Spiritus
1158 757 1247 808 Dei
1268 779 1278 814 ;
1313 757 1360 806 id
1378 763 1469 816 est,
1498 760 1643 827 magis

70 835 314 898 spiritualia
331 872 347 898 ‚
373 833 662 900 sublimiora,
692 840 984 898 acdiviniora
1007 841 1054 887 in
1079 837 1306 903 mysteriis
1327 833 1452 885 fidet.

140 911 351 960 Stultitia
374 914 498 961 enim
519 925 588 963 est
602 918 688 965 illi.
712 915 856 978 Haec,
879 919 981 982 quia
1014 915 1191 977 altiora,
1218 913 1433 963 videntur
1456 910 1516 962 illi
1545 912 1642 961 εὼ-1

68 987 213 1058 surdas
227 996 272 1037 et
296 992 462 1045 rationi>
482 997 699 1044 contraria
717 1031 731 1056 ‚
763 1003 810 1044 et
836 1011 890 1044 ea
927 992 1021 1044 non
1048 1002 1197 1057 potest
1221 990 1470 1055 intelligere
1490 1027 1503 1051 ,
1529 990 1642 1054 quia

63 1066 374 1132 spiritualiter
390 1077 495 1119 sunt
515 1070 796 1123 discutienda
810 1109 824 1133 ,
856 1072 1157 1123 examinanda
1175 1108 1188 1131 ,
1211 1070 1466 1134 judicanda.
1489 1065 1642 1120 Bibtia

67 1138 283 1194 Romana
305 1145 500 1209 habent,
522 1152 866 1206 ‚examinantun
892 1148 987 1210 hoc
1013 1157 1164 1197 autem
1186 1150 1326 1212 ipsius
1356 1153 1535 1210 captum
1560 1163 1652 1213 su-A

67 1227 218 1281 perat,
233 1229 398 1286 utpote
412 1260 425 1284 ,
446 1227 525 1290 qui
548 1226 737 1276 naturali
763 1231 936 1276 tantum
952 1226 1136 1284 rationis
1148 1222 1305 1271 lumini
1319 1229 1389 1271 est
1411 1230 1637 1271 assuetus·

138 1293 265 1350 Sicut
289 1308 448 1368 supra,
474 1323 574 1373 cap.
617 1325 660 1356 1.
691 1307 768 1357 18.
793 1307 907 1357 dixit
945 1303 1068 1371 quod
1112 1303 1312 1352 Verbum
1341 1301 1500 1352 Crucis
1519 1319 1640 1366 per-

62 1378 300 1440 euntibus,
339 1381 387 1431 id
415 1391 507 1443 est,
526 1383 788 1436 infidelibus
811 1394 880 1434 est
903 1384 1139 1434 stultitia:
1165 1383 1230 1430 sic
1246 1397 1366 1429 nunc
1386 1379 1639 1446 dicitquod

41 1457 362 1515 ‘spiritualiora
397 1461 505 1517 fidei
530 1472 634 1514 sunt
669 1465 779 1529 ipsis
814 1462 1041 1522 fidelibus,
1082 1458 1202 1510 sed
1189 1474 1237 1506 ln
1271 1456 1366 1506 fide
1399 1456 1636 1522 parvulis,

90 1548 104 1590 t
155 1547 261 1590 titia.

58 1557 86 1591 ⁵
109 1539 356 1683 uIHincque
373 1616 544 1679 probat
580 1618 703 1681 quod
727 1616 829 1666 haec
855 1615 1150 1680 spiritualiora
1170 1631 1267 1663 non
1288 1615 1378 1661 sint
1402 1612 1483 1662 illis
1517 1630 1636 1678 par-

62 1692 183 1744 vulis
213 1701 259 1743 et
282 1694 471 1745 infirmis
498 1695 806 1771 exponenda,
839 1702 969 1744 utne
988 1691 1050 1743 D.
1076 1690 1286 1742 Thomas
1307 1690 1535 1757 explicat:
1561 1689 1637 1741 his

59 1775 112 1824 in
134 1774 287 1824 verbis
306 1772 407 1823 haec
428 1767 675 1824 includitur
692 1775 1007 1835 ratiocinatio·

132 1848 257 1906 Nulli
276 1859 380 1901 sunt
411 1851 631 1901 tradenda
669 1851 973 1912 documenta,
1005 1866 1105 1917 quae
1132 1865 1295 1915 capere
1333 1863 1428 1898 non
1453 1854 1634 1912 potest;

28 1970 30 1973 ,
61 1926 148 1978 sed
166 1925 312 1976 >homo
329 1927 534 1977 animalis
562 1946 659 1977 non
685 1937 838 1993 potest
872 1946 1036 1994 capere
1061 1925 1304 1994 spiritualia
1325 1925 1602 1983 documenta
1618 1942 1634 1974 ε

63 2022 180 2073 ergo>
196 2022 292 2055 non
312 2013 417 2054 sunt
443 2008 484 2055 ei
503 2001 738 2055 tradenda.

34 2126 45 2137 ,.
132 2081 189 2143 ᾖ.
210 2082 288 2149 15.
303 2084 570 2147 Spirituola's
582 2094 788 2134 autem...
807 2084 1066 2148 spiritualis
1082 2082 1318 2145 tripliciter
1336 2084 1470 2131 etiam
1486 2082 1637 2132 sumi-

33 2158 37 2161 ’
61 2170 151 2213 tur.
170 2167 236 2212 1⁰.
268 2159 362 2224 Qui
384 2161 488 2210 cibo
507 2177 600 2209 non
629 2167 734 2225 eget
755 2196 770 2223 ‚
787 2168 834 2209 ut
855 2157 1060 2211 Christus
1086 2177 1222 2210 nunc.
1243 2165 1314 2208 2⁰.
1334 2157 1428 2221 Qui
1454 2155 1639 2225 spiritus

63 2239 290 2290 dictamen
312 2241 526 2304 sequitur.
557 2238 629 2289 δ”.
650 2237 741 2302 Qui
761 2238 1021 2288 sublimiora
1043 2238 1151 2288 fidei
1173 2237 1390 2304 mysteria
1410 2238 1638 2302 intelligit.
1672 2302 1675 2304 ι

131 2314 291 2383 Itaque
321 2318 598 2384 spiritualis,
643 2317 902 2384 perfectus,
930 2336 982 2368 ac
1009 2318 1177 2367 solidus
1215 2315 1515 2380 Christianus,
1553 2320 1637 2383 qui

62 2395 280 2462 Spiritum
328 2405 534 2446 sanctum
576 2397 812 2447 doctorem
845 2396 1015 2456 habet3
1062 2397 1306 2461 discernit,
1354 2397 1535 2447 discutit
1584 2405 1635 2448 et
1661 2458 1680 2463 ἡ,

60 2473 229 2539 judicat
251 2477 404 2524 omnia
425 2511 440 2534 ‚
468 2477 603 2542 etiam
629 2474 906 2527 sublimiora.
1664 2465 1669 2477 ἶ

133 2553 198 2602 Et
223 2554 320 2618 ipsc
344 2555 375 2601 ὰ
397 2555 580 2602 nemine
590 2553 853 2620 judicatur.
877 2588 888 2600 .
917 2592 928 2605 .
946 2593 958 2605 .
984 2558 1084 2623 quia
1124 2556 1310 2606 aliorum
1347 2557 1562 2606 examine
1585 2551 1636 2606 et

61 2628 231 2691 judicio
252 2632 456 2696 superior
478 2637 570 2691 est,
598 2639 757 2696 utpote
779 2629 874 2682 Dei
893 2629 1062 2696 Spiritu
1080 2631 1369 2683 illuminatus.
1390 2629 1518 2682 Hoc
1522 2649 1634 2698 ergo

35 2702 422 2768 .intelligendum
437 2708 494 2758 de
516 2707 704 2760 homine
726 2713 838 2759 vere
861 2710 1114 2774 spirituali,
1139 2719 1185 2760 et
1206 2720 1254 2761 ut
1277 2709 1526 2778 spirituali,
1550 2727 1634 2761 seu

26 2789 136 2831 ant..
150 2783 438 2845 spiritualiter
469 2785 720 2849 judicante:
747 2786 856 2836 alias
893 2805 1041 2837 errare
1075 2796 1120 2839 et
1147 2792 1271 2855 argui
1303 2798 1478 2856 potest;
1516 2792 1635 2841 sicut

32 2853 130 2963 Β.
149 2855 315 2910 Petrus
339 2865 363 2910 a
381 2856 444 2911 D.
474 2859 616 2914 Paulo
628 2864 938 2929 reprehensus
959 2865 1058 2919 suit.
