1760 3210
146 75 252 127 250
481 87 659 123 PRIMAE
690 87 952 131 EmsToLAE
987 91 1059 127 An
1089 86 1402 127 commanos

146 162 296 211 doctis
322 155 572 210 Corinthiis
606 163 851 225 concedit,
888 174 938 216 ut
976 172 1023 216 et
1058 163 1367 214 infirmiorum
1388 159 1530 282 ming}
1537 168 1725 239 penitus
1743 221 1760 228 ,

146 241 367 294 consulat.
1503 258 1546 303 :22

215 329 665 396 Temperamentum
685 342 837 386 autem
855 334 949 385 hoc
971 343 1060 386 est.
1619 375 1630 379 ·

213 407 407 472 Prima»,
448 413 669 476 permittit
703 421 752 464 ut
783 422 937 464 emant
962 423 1009 465 et
1030 411 1281 477 comedant
1319 410 1637 463 indifferenter
1658 431 1722 466 ex

144 492 273 540 omni
297 489 421 555 quod
447 491 612 542 venale
643 487 814 559 prostat
833 530 848 557 ‚
883 493 1004 544 nulla
1039 492 1155 544 facta
1183 495 1308 561 prins
1335 493 1720 557 interrogatione,

145 567 492 619 immolatumne
512 570 600 627 sit,
627 586 686 619 an
704 587 818 620 non.
1434 593 1435 597 ¹

218 646 508 702 Macellum,
545 646 672 698 locus
699 647 893 710 Romae,
916 651 995 700 ubi
1018 649 1308 699 vendebatur
1333 666 1463 706 εει-ος
1487 650 1554 698 sic
1574 646 1724 699 dictus

144 726 202 775 ab
227 725 419 775 homine
437 762 449 785 ‚
477 728 602 789 cujus
622 728 668 777 id
691 727 833 779 suerat
854 728 1022 791 solum,
1049 731 1109 778 ait
1133 724 1321 778 Grotius
1340 732 1523 794 :itaque
1544 728 1724 778 macel-

141 806 240 855 lum
256 843 269 866 ‚
294 822 391 854 vox
413 800 574 855 Graeca
593 822 653 856 ex
677 805 860 857 Latino.

212 881 338 934 Fieri
370 891 574 948 poterat,
607 887 668 935 ait
690 886 816 934 idem
844 881 1059 943 Grotius,
1094 890 1145 932 ut
1175 880 1455 932 macellarius
1479 888 1744 946 antequam·

143 959 200 1010 ad
225 962 467 1011 macellum
490 979 648 1010 carnes
671 960 898 1021 deferret,
921 960 1091 1025 aliquid
1115 959 1174 1010 de
1201 962 1256 1010 iis
1280 960 1329 1010 in
1346 975 1472 1009 aram
1491 956 1722 1017 dedisset3
1757 987 1760 990 <

142 1039 285 1091 velut
309 1040 572 1090 sacerdotes
593 1077 607 1103 ‚
633 1049 782 1107 partes
806 1057 909 1106 quae
938 1041 1046 1107 ipsis
1071 1039 1329 1101 cedebant,
1355 1036 1690 1088 vendidissent.

214 1111 276 1164 Et
305 1114 363 1165 de
392 1114 482 1165 hoc
506 1134 604 1167 non
623 1117 719 1167 vult
739 1119 936 1184 inquiri,
962 1117 1046 1168 sed
1064 1112 1384 1168 indifferenter
1409 1116 1503 1166 emi
1521 1149 1538 1177 ,
1566 1132 1723 1180 prop-e

142 1205 213 1245 ter
250 1197 626 1258 conscientiam,
669 1200 717 1248 in
767 1217 854 1264 qua
885 1199 1008 1248 scitis
1027 1236 1042 1261 ,
1067 1206 1112 1248 et
1145 1199 1345 1263 persuasi
1376 1197 1515 1256 estis,
1549 1194 1724 1244 idolum
1756 1238 1760 1247 .

141 1275 255 1326 nihil
282 1294 402 1339 esse,
432 1285 477 1327 et
501 1266 821 1346 idolothytum
841 1277 955 1327 nihil
988 1279 1219 1343 impurum
1240 1276 1415 1325 habere
1433 1275 1481 1324 in
1504 1289 1577 1325 se.

213 1354 284 1419 Y.
315 1354 395 1407 26.
425 1358 625 1406 Domini
639 1368 708 1408 est
725 1367 899 1408 terra...
920 1354 1054 1406 Scitis
1070 1360 1196 1407 enim
1221 1355 1347 1422 quod
1370 1362 1488 1406 terra
1504 1361 1552 1406 et
1567 1353 1724 1406 omnia

141 1449 244 1498 quae
268 1435 316 1482 in
341 1450 393 1482 ea
414 1469 427 1494 ,
462 1431 654 1484 Domini
676 1443 810 1495 sunt,
844 1444 891 1484 et
914 1434 1020 1485 ideo
1041 1437 1089 1485 in
1110 1452 1160 1485 se
1179 1436 1319 1485 bona.

211 1507 374 1560 Nullus
395 1510 523 1560 cibus
545 1528 606 1561 ex
628 1529 678 1562 se
704 1511 847 1562 malus
870 1520 942 1563 aut
964 1515 1168 1578 impurus
1183 1550 1195 1573 ‚
1226 1512 1312 1563 sed
1335 1510 1684 1576 intemperantia
1699 1544 1715 1572 ‚

138 1586 382 1637 infidelitas
395 1624 407 1648 ‚
425 1587 599 1638 oblivio
627 1586 746 1653 Dei,
768 1590 1082 1640 inobedientia
1099 1626 1113 1652 ,
1143 1596 1436 1654 contemptus
1454 1583 1681 1638 Ecclesiae
1699 1604 1721 1653 ,*

139 1672 468 1720 conscientiam
491 1671 606 1721 male
627 1676 796 1723 utentis
815 1673 1014 1724 reddunt
1039 1676 1282 1738 impuram·

207 1744 276 1808 ff.
300 1766 382 1813 27.
402 1746 460 1795 Si
476 1753 579 1814 quis
601 1760 745 1800 vocat
763 1769 847 1800 vos
863 1751 1183 1811 infidelium...

203 1827 422 1881 Secundo
443 1870 458 1895 ‚
496 1834 716 1897 permittit
748 1842 798 1883 ut
815 1871 829 1896 ‚
853 1834 972 1900 apud
1009 1830 1240 1883 Ethnicos
1263 1833 1439 1882 invitati
1467 1829 1527 1880 ad
1549 1845 1718 1881 come-

136 1909 342 1959 dendum
358 1947 371 1970 ‚
401 1910 459 1959 de
484 1914 702 1976 appositis
727 1915 828 1962 sine
852 1912 1060 1978 scrupulo
1086 1909 1360 1973 comedant,
1382 1907 1500 1958 nihil
1520 1909 1715 1958 interro·
1746 1937 1751 1940 -

134 1994 293 2052 gantes
311 2027 324 2051 ‚
355 1992 562 2054 utsupra
588 1988 653 2051 Ϋ.
679 2006 813 2055 praec.
840 1988 922 2040 25.

205 2065 270 2113 Et
287 2066 428 2114 vultis
452 2067 533 2116 ire.
553 2062 658 2115 Nec
693 2067 847 2130 jubet,
875 2083 964 2116 nec
984 2064 1216 2133 prohibet,
1236 2066 1300 2114 ait
1323 2061 1474 2115 Divus
1498 2058 1716 2129 Chryso-

135 2150 340 2202 stomus;
369 2144 452 2194 sed
473 2143 566 2194 hoc
589 2143 747 2209 addit,
770 2144 885 2196 forte
907 2153 958 2196 ut
981 2147 1141 2194 innuat
1169 2142 1330 2194 melitis
1354 2159 1406 2193 se
1429 2140 1656 2206 sactur05‚
1675 2143 1716 2192 si

134 2237 231 2271 non
259 2230 382 2272 eant.

203 2296 273 2361 Y.
298 2299 377 2350 28.
399 2301 456 2349 Si
475 2303 574 2367 quis
601 2311 758 2351 atatem
782 2303 914 2351 vobis
936 2302 1163 2353 dixerit...

204 2379 371 2433 Tertib
386 2422 399 2444 ‚
421 2382 478 2432 Si
497 2385 599 2448 quis
620 2389 647 2435 ὲ
675 2386 888 2435 convivis
912 2385 1086 2433 dixerit
1112 2383 1274 2434 vobis:
1292 2378 1519 2444 Hoc'suit
1537 2383 1715 2431 Immo-

126 2459 278 2510 latum
298 2499 314 2524 ‚
341 2461 557 2528 prohibet
584 2481 644 2513 ex
666 2481 722 2514 eo
743 2482 804 2514 ne
825 2462 1101 2522 comedant,
1129 2461 1268 2529 idque
1289 2469 1475 2527 propter
1494 2462 1714 2510 monito·
1745 2491 1748 2493 —

125 2541 186 2590 ris
210 2543 570 2598 conscientiam;
610 2559 671 2591 ne
693 2541 878 2591 laedatur
896 2579 908 2600 ,
937 2542 998 2589 ait
1037 2533 1436 2607 Chrysostomus;
1464 2556 1546 2588 seu
1566 2539 1715 2588 ralio-

124 2640 234 2673 nem
259 2623 484 2674 habentes
516 2624 634 2674 illius
655 2662 668 2686 ‚
706 2627 782 2691 qui
810 2626 1017 2686 monuit,
1053 2625 1350 2674 conscientiae
1387 2622 1618 2683 infirmae,
1666 2628 1717 2672 et

124 2701 277 2750 minns
305 2702 558 2750 instructae.

191 2771 276 2824 Gr.
292 2775 417 2824 addit
441 2775 546 2837 hic,
571 2773 773 2827 Domini
800 2784 868 2827 est
897 2783 1011 2827 terra
1029 2811 1043 2838 ‚
1071 2783 1190 2835 etc.;
1217 2775 1304 2827 sed
1325 2772 1470 2843 Syrus
1492 2783 1542 2826 et
1555 2769 1712 2825 Arabs

122 2870 219 2903 non
243 2853 447 2918 legerunt
470 2890 482 2914 ‚
508 2871 595 2904 nec
625 2857 850 2921 interpres
872 2863 1046 2906 noster.

100 2944 102 2952 '
192 2931 266 2998 ff.
291 2950 375 3000 29.
407 2931 756 2983 Conscientiam
782 2936 887 2984 dico
905 2971 921 2998 ‚
952 2953 1045 2985 non
1064 2944 1253 2986 tuam...
1279 2931 1416 2986 Nosti
1435 2932 1559 2984 enim
1586 2927 1712 2998 quod
