1760 3210
128 48 130 51 -
198 14 330 68 230·
517 31 700 70 PRIMAE
736 33 1000 74 emsa-oum
1034 36 1105 75 An
1139 37 1459 85 commmos

626 315 1003 370 Commentarius
1024 321 1074 370 in
1105 318 1226 388 Cap.
1257 340 1336 378 ιο.

1700 503 1724 514 ο

1706 519 1722 528 ρ

187 524 257 594 Y.
278 546 327 579 ἰ.
364 462 574 576 Noto
598 526 724 575 enim
747 544 831 577 vos
849 526 1076 591 ignorare.
1095 566 1109 580 .
1129 565 1144 581 .

253 600 322 655 Ut
355 604 646 669 sequentium
682 600 1005 655 cohaerentiam
1053 622 1156 655 cum
1192 605 1561 674 praecedentibus
1605 610 1760 667 clarius

160 685 426 745 ·intueariS‚
451 683 695 734 recordare
727 682 852 749 quod
881 686 1027 750 capite
1064 686 1375 751 praecedenti,
1398 686 1466 752 Y·
1493 689 1576 741 23.
1614 691 1760 745 dixit:

183 764 361 814 Omnia
392 771 550 813 autem
568 761 713 827 facio
734 771 925 828 propter
945 763 1248 830 Evangelium
1265 802 1279 829 ‚
1317 773 1371 815 ut
1398 770 1635 834 particeps
1652 771 1755 837 ejus

177 839 386 907 efficiar.
1617 833 1638 845 ’

248 915 450 984 Hocque
475 917 634 967 dicens
650 953 664 977 ‚
691 911 962 968 Corinthios
985 916 1141 969 docuit
1173 926 1395 972 aeternam
1418 920 1609 975 salutern
1627 942 1757 980 suam

177 995 304 1044 omni
321 993 463 1043 modo
486 991 705 1042 stabilire.

245 1070 317 1136 JV.
345 1073 428 1132 24.
448 1063 612 1120 Dixit:
640 1070 815 1120 Omnes
838 1071 1020 1138 quidem
1034 1081 1258 1134 currunt,
1284 1073 1369 1124 sed
1385 1093 1555 1128 unus...
1573 1076 1752 1147 hacque.

170 1150 586 1203 stadiodromorum
605 1149 901 1202 similitudine
915 1188 928 1212 ‚
949 1151 1104 1203 docuit
1117 1151 1177 1201 ad
1196 1152 1387 1204 salutem
1401 1171 1497 1205 non
1515 1155 1749 1226 sufficere,

170 1229 294 1297 quod
315 1226 540 1293 Ecclesiae
573 1228 767 1279 stadium
792 1247 873 1294 per
905 1228 1048 1280 fidem
1073 1231 1263 1296 ingressi
1291 1230 1482 1291 fuerint;
1520 1234 1605 1284 sed
1634 1236 1742 1290 totis

167 1308 343 1356 viribus
390 1308 456 1357 eis
498 1305 799 1355 annitendum
839 1322 968 1368 esse,
1015 1315 1065 1356 ut
1106 1306 1346 1372 pfaemium
1375 1308 1590 1362 fidelibus
1631 1329 1745 1380 pro-

166 1387 358 1435 missum
379 1391 696 1451 assequantur.
1634 1418 1640 1443 ,

233 1462 302 1527 Jff.
330 1465 409 1517 26.
438 1461 638 1517 Addidit
667 1483 680 1514 x
707 1464 806 1528 Ego
835 1468 978 1529 igitur
1006 1467 1077 1516 sic
1095 1485 1228 1516 curro
1242 1502 1262 1526 ,
1307 1476 1355 1516 et
1389 1469 1460 1519 sic
1486 1488 1664 1536 pugno.
1686 1508 1704 1522 .
1723 1504 1739 1526 .

159 1539 343 1612 hocque
391 1543 610 1609 exemplo
652 1560 737 1593 suo
776 1542 930 1594 docuit
967 1543 1170 1594 alacriter
1221 1544 1523 1610 currendum,
1564 1546 1739 1601 sortiter

158 1622 483 1693 pugnandum,
514 1630 564 1672 ut
584 1622 797 1671 bravium
822 1630 1092 1688 reportetur.

226 1699 444 1769 Denique
467 1696 523 1760 ᾖ.
547 1718 631 1765 27·
653 1700 770 1750 dixit
793 1718 804 1747 z
832 1700 1037 1764 CastigO.
1055 1737 1067 1750 .
1086 1738 1098 1751 .
1119 1699 1315 1766 neforte
1332 1711 1381 1751 et
1400 1703 1499 1768 ipse
1519 1703 1741 1768 reprobus

155 1779 369 1845 efficiar,-
406 1779 591 1846 hocque
632 1796 715 1829 suo
752 1786 951 1829 tremore
969 1779 1122 1831 docuit
1141 1797 1306 1831 omnes
1345 1777 1611 1832 Corinthios
1641 1791 1736 1834 tre-

155 1875 309 1921 mere,
339 1875 402 1908 ne
427 1865 473 1908 et
493 1858 578 1923 ipsi
599 1857 786 1923 reprobi
806 1856 934 1907 fiant.

224 1936 343 1989 Haec
363 1946 516 1989 autem
541 1937 723 1997 omnia,
755 1934 928 1985 scilicet
956 1932 1083 2001 quod
1118 1944 1290 1987 aeterna
1321 1934 1440 1988 salus
1468 1955 1574 1989 cum
1597 1941 1726 1992 omni

150 2017 454 2068 sollicitudine
492 2019 552 2066 sit
596 2012 831 2070 facienda;
877 2014 1004 2079 quod
1051 2016 1187 2065 nobis
1227 2033 1324 2065 non
1355 2014 1548 2084 sufficiat
1581 2015 1724 2069 fidem

149 2097 380 2160 recepisse
397 2130 409 2153 ‚
435 2099 481 2142 et
506 2093 552 2140 in
574 2087 799 2141 Ecclesiae
819 2090 1014 2141 stadium
1046 2093 1276 2156 ingressos
1299 2108 1403 2143 esse
1435 2112 1447 2141 ε
1481 2094 1564 2144 sed
1590 2096 1727 2149 nobis

149 2169 423 2221 currendum
438 2206 452 2230 ‚
478 2168 612 2218 nobis
635 2166 958 2234 pugnandum3
992 2168 1114 2235 quod
1139 2168 1198 2219 de
1223 2166 1314 2218 Dei
1338 2170 1472 2220 donis
1493 2176 1723 2239 acceptis,

146 2262 242 2295 non
264 2247 323 2294 sit
357 2245 494 2293 nobis
517 2242 872 2304 blandiendum,
898 2246 1106 2309 quinimo
1129 2282 1144 2308 ‚
1174 2246 1236 2295 ob
1261 2245 1334 2296 illa
1372 2246 1509 2296 nobis
1544 2251 1724 2301 timen-

143 2322 252 2374 dum
268 2359 281 2383 ‚
308 2323 395 2371 nisi
419 2323 511 2371 vita
534 2323 688 2387 gratiis
710 2321 1094 2388 correspondeat3

214 2401 364 2465 Haec,
409 2404 622 2469 inquam,
669 2404 824 2451 omnia
866 2401 1105 2452 confirmat
1147 2401 1339 2453 terribili
1376 2411 1586 2456 veterum
1609 2402 1721 2457 He-

142 2483 377 2537 braeorum
414 2479 666 2548 exemplo,
709 2481 786 2546 qui
809 2478 916 2529 licet
949 2487 1017 2530 tot
1043 2487 1089 2530 et
1122 2483 1257 2530 tantis
1295 2484 1321 2530 a
1351 2478 1457 2532 Deo
1493 2484 1719 2549 praeventi

141 2561 383 2614 beneficiis
400 2598 414 2622 ‚
433 2560 539 2621 licet
559 2563 608 2610 in
624 2559 749 2609 nube
769 2565 814 2608 et
828 2559 942 2607 mari
958 2574 1123 2608 omnes
1143 2558 1385 2624 baptizati,
1409 2574 1529 2624 pane
1546 2557 1722 2611 coelesti
1754 2582 1760 2592 ¹

141 2642 324 2701 nutriti,
356 2645 468 2704 potu
502 2636 772 2688 miraculoso
808 2638 997 2686 recreati
1025 2643 1071 2686 et
1114 2634 1377 2696 refdcillati,
1422 2652 1520 2686 non
1559 2651 1760 2687 omnes·⁴

137 2730 295 2774 tamen
312 2758 328 2784 ‚
353 2720 437 2772 sed
461 2724 487 2771 ὲ
509 2721 743 2771 sexcentis
769 2717 965 2770 millibus
1003 2717 1094 2770 duo
1128 2719 1305 2768 tantum
1327 2726 1494 2769 terram
1517 2719 1726 2786 promis-

137 2818 237 2852 sam
256 2806 363 2849 sunt
381 2800 591 2864 ingressi.

207 2876 352 2944 Quod
366 2881 475 2929 sane
489 2878 775 2944 apertissime
788 2874 1039 2945 respondet
1053 2874 1198 2928 allatae
1212 2873 1496 2927 similitudini
1507 2891 1523 2924 ε
1538 2871 1717 2925 omnes
