1760 3210
408 160 628 200 τωρωι
662 158 951 197 Exposl'rlo.
989 141 1108 207 Cap.
1161 138 1253 192 ΧῙ.
1515 161 1616 213 ²9⁸

112 226 306 281 Sanctus
324 224 572 281 Anselmus
591 227 700 277 dicit
722 226 845 294 quod
861 234 908 276 et
926 224 1077 274 adhuc
1098 230 1285 291 propter
1298 221 1417 274 hanc
1437 241 1616 277 causam

44 305 177 358 multi
217 314 322 372 post
358 303 538 356 Pascha
578 306 714 355 variis
757 301 1091 352 infirmitatibus
1134 303 1462 367 corripiuntur,
1510 303 1617 369 quia

47 400 213 450 corpus
237 381 564 447 Redemptoris
587 381 771 446 indigne
797 386 1116 444 perceperunt.

115 460 186 526 Y.
218 461 302 512 31.
340 461 481 525 Quod
508 461 554 508 si
593 459 945 525 nosmetipsos...
988 455 1283 506 Probationis
1311 465 1357 507 et
1394 457 1618 509 examinis

47 537 292 604 supradicti
313 537 628 600 necessitatem
646 533 844 595 indicat,
867 533 924 582 ad
941 532 1176 581 vitandum
1192 528 1290 585 ,Dei
1315 531 1550 593 judicium.

123 613 264 679 Quod
284 615 330 661 si
357 612 660 676 nosmetipsos
696 611 1024 673 probaremus,
1055 610 1381 661 conscientiam
1414 620 1617 664 nostram

46 685 334 740 discutiendo
352 725 365 750 ,
388 694 434 738 et
453 695 638 752 peccata
654 721 668 748 ,
685 688 723 736 si
748 703 848 752 quae
868 689 957 737 sint
972 721 988 748 ,
1013 686 1273 736 damnando
1297 692 1341 733 et
1359 687 1612 752 expiando,

47 780 144 814 non
162 766 423 830 puniremur
449 763 622 813 morbis
645 770 690 812 et
723 761 1045 812 afflictionibus
1068 765 1128 813 ob
1157 763 1365 830 indignas
1394 780 1620 823 commu--x

46 845 230 894 niones.

115 916 185 982 Y.
215 920 298 972 32.
323 922 447 971 Dum
479 919 803 984 judicamur...
826 918 1003 971 Solatur
1025 938 1103 970 eos
1126 923 1173 971 in
1198 921 1524 986 temporalibus
1541 921 1615 971 his

48 1002 201 1065 poenis
222 1003 248 1047 ὲ
274 997 383 1049 Deo
409 998 593 1049 inflictis
609 1037 622 1060 ‚
656 1017 864 1050 asserens
911 1000 1206 1050 medicinales
1233 1018 1367 1063 esse,
1390 1009 1437 1052 et
1463 1005 1490 1051 ὲ
1509 997 1615 1051 Deo

43 1084 259 1142 tanquam
281 1083 405 1140 patre
437 1077 686 1135 immissas,
715 1076 774 1126 ad
797 1095 956 1126 eorum
978 1077 1210 1142 spirituale
1233 1078 1429 1129 bonum.

115 1151 244 1205 Dum
257 1154 549 1220 corporaliter
562 1157 588 1202 a
605 1152 812 1224 Domino
831 1158 1063 1222 punimur,
1081 1160 1391 1221 castigatione,
1407 1164 1620 1223 tanquam

48 1229 127 1282 filii
144 1230 413 1282 erudimura
436 1240 560 1297 patre
582 1240 628 1282 et
652 1234 676 1280 a
702 1233 955 1297 paedagogo
975 1252 987 1293 3
1010 1244 1059 1285 ut
1079 1235 1343 1300 emendati,
1367 1253 1464 1285 non
1486 1235 1621 1293 dam»,

47 1325 215 1360 nemur
230 1311 278 1359 in
298 1318 521 1360 aeternum
543 1329 647 1361 cum
673 1311 950 1361 infidelibus·

119 1380 186 1446 Y.
210 1382 294 1434 33.
320 1386 485 1450 Itaque
501 1422 518 1444 ,
529 1385 712 1448 fratres·
736 1391 877 1439 mei...

118 1457 266 1511 Redit
285 1460 344 1510 ad
365 1458 578 1527 Agape3‚
607 1467 634 1512 a
659 1466 822 1531 quibus
844 1464 902 1514 ad
920 1467 1296 1515 communionem
1312 1502 1325 1527 ‚
1354 1482 1454 1530 quae
1465 1482 1623 1534 earum

51 1544 147 1588 erat
172 1554 275 1603 pars
302 1546 530 1602 postrema
547 1575 562 1602 ‚
595 1538 866 1591 deflexerat.
892 1538 1013 1592 Vide
1043 1544 1176 1606 supra
1202 1539 1257 1595 ψ.
1279 1558 1380 1601 200,
1411 1548 1456 1590 et
1480 1548 1626 1591 totam

50 1631 152 1665 rem
192 1614 310 1665 hanc
338 1618 640 1681 concludenS,
671 1624 827 1670 statuit
866 1621 976 1687 quid
1014 1623 1061 1671 in
1089 1623 1155 1671 eis
1194 1619 1426 1685 agendum
1450 1623 1534 1684 sit,
1560 1623 1626 1674 ad

51 1691 413 1757 supradictorum
434 1697 655 1745 abusuum
677 1696 1070 1747 reformationem.

115 1766 335 1832 Scilicet,
381 1781 426 1823 ut
456 1789 616 1824 eorum
645 1790 772 1826 coena
813 1779 922 1825 vere
949 1775 1179 1825 dominica
1201 1777 1257 1825 sit
1275 1813 1290 1836 ‚
1322 1784 1368 1826 et
1410 1778 1626 1827 omnibus

53 1851 314 1898 communis
331 1885 347 1911 ‚
375 1854 626 1915 praescribit
659 1863 708 1903 ut
730 1871 829 1903 sese
853 1856 1056 1904 invicem
1080 1863 1349 1920 exspectent
1380 1874 1391 1903 :
1413 1856 1626 1906 concedit

54 1933 209 1976 tamen
237 1935 315 1989 ut,
361 1930 400 1977 si
434 1933 533 1996 quis
569 1935 760 1991 esuriat,
797 1951 885 1983 nec
910 1936 1053 2000 possit
1078 1935 1136 1984 ad
1159 1951 1402 2000 vesperam
1439 1937 1625 1999 jejunus

54 2013 350 2069 exspectare,
384 2007 511 2058 domi
538 2026 629 2060 suae
659 2012 896 2073 comedat,
938 2029 1036 2061 non
1078 2013 1126 2060 in
1155 2013 1373 2072 ccclesia3
1410 2030 1470 2062 ne
1505 2012 1630 2076 quod

53 2082 113 2133 ad
139 2083 330 2133 salutem
362 2086 613 2136 institutum
639 2096 735 2151 est,
766 2089 844 2138 fiat
884 2092 1063 2139 occasio
1095 2090 1422 2152 damnationis,
1463 2088 1539 2141 vel
1559 2091 1623 2140 ob

24 2179 27 2183 ¹
51 2163 202 2230 gulam
219 2200 234 2225 .,
258 2164 335 2215 vel
358 2167 418 2215 ob
438 2168 699 2232 superbiam
715 2205 728 2229 ,
761 2178 805 2219 et
831 2188 1079 2236 pauperum
1124 2180 1458 2235 contemptum.

120 2238 185 2292 Et
203 2240 331 2303 haec,
355 2245 530 2310 inquit,
558 2263 681 2295 nunc
695 2244 928 2299 sufficiant
944 2287 957 2310 ‚
980 2260 1145 2301 caetera
1168 2251 1227 2301 ad
1249 2250 1350 2301 haec
1374 2251 1619 2318 pertinen-3

64 2319 156 2384 tia,
183 2321 287 2370 cum
309 2318 368 2370 ad
392 2337 477 2374 vos
495 2339 667 2375 venero
688 2359 702 2386 ‚
724 2327 1045 2396 praescribam.
