1760 3210
542 373 550 379 ι
575 329 954 402 Commentarius·
973 338 1024 408 ’ὶῃ
1048 341 1194 408 capili
1205 349 1439 410 primum.

1543 400 1713 446 ;.,'i-

216 545 289 613 ψ.
319 566 362 599 1.
389 487 650 599 PAULUS
669 558 866 625 offocatus
887 546 1136 616 Apostolus
1152 551 1267 602 Jesu
1289 549 1628 606 Christi.=Ecce
1643 573 1697 623 pr

214 631 360 681 mium
397 628 641 680 confestim
687 633 928 698 increpans
971 631 1107 683 salsos
1159 633 1396 693 doctorem,
1443 638 1507 686 ait
1526 632 1700 703 Theop

217 709 344 775 quasi
363 706 562 758 diceret:
578 704 690 758 Non
708 711 733 757 a
754 711 1029 775 memetipso
1049 713 1247 761 intrusus
1265 749 1278 774 ,
1322 705 1418 762 sed⁴
1437 712 1611 765 coetesti
1648 733 1680 766 v

215 787 373 845 tione,
403 780 589 850 Deique
614 787 736 848 jussu
773 787 1027 850 Apostolus
1058 787 1172 838 Jesu
1206 786 1410 850 Chi-isti,
1442 806 1524 840 seu
1550 794 1732 842 missus*

219 867 571 935 'praedicandum
595 862 627 918 J
635 887 713 920 esu
740 865 915 922 Christi
936 867 1261 937 Evangelium.

185 970 213 981 ‘
285 953 478 1008 Utinam
498 956 591 1007 hoc
614 961 723 1008 vere
747 957 902 1008 dicere
923 962 1066 1023 possit
1093 961 1245 1008 omnis
1271 955 1490 1012 Ecclesiae
1509 979 1593 1012 seu
1613 958 1680 1012 Pr

215 1044 316 1098 ωε,
334 1051 414 1084 seu
432 1031 673 1094 Minister3
702 1052 800 1084 non
821 1034 1065 1098 metissed
1097 1031 1188 1085 Dei
1220 1035 1479 1101 voluntate,
1506 1041 1554 1088 in
1587 1040 1703 1088 mini

216 1115 335 1163 rium
371 1114 599 1179 ingressus
637 1130 756 1162 sum.
777 1109 946 1162 Missus
971 1129 1073 1162 sum
1097 1115 1122 1162 a
1153 1110 1338 1164 Christo
1358 1152 1372 1175 ,
1396 1133 1493 1166 non
1529 1115 1593 1186 sui
1617 1134 1701 1182 pro

218 1190 435 1256 suffragio
456 1190 644 1241 electus.
671 1198 674 1201 '

286 1278 477 1330 Utinam
500 1279 558 1329 de
578 1278 700 1328 nullo
728 1282 839 1328 vere
864 1279 952 1329 dici
971 1282 1112 1345 possit
1131 1317 1143 1341 ‚
1167 1297 1264 1329 non
1281 1297 1363 1346 per
1382 1278 1474 1332 Dei
1495 1281 1704 1334 voluntat

219 1361 303 1413 sed
321 1361 576 1412 secundum
597 1363 694 1424 ejus
718 1360 1085 1426 indignationem
1120 1371 1164 1412 et
1193 1364 1335 1424 iram,
1370 1373 1558 1432 propter
1581 1366 1667 1416 sub
1707 1366 1719 1379 ⁸

219 1457 322 1490 rum
342 1447 527 1504 peccata
543 1475 556 1499 ‚
579 1447 628 1488 ut
644 1440 705 1487 ait
730 1446 776 1488 et
798 1439 996 1505 explicat
1018 1437 1081 1488 D.
1097 1436 1325 1489 Thomas.

289 1513 449 1583 Itaque
475 1514 684 1565 voluntas
718 1513 842 1577 Dei,
872 1525 917 1565 et
954 1515 1142 1582 quidem
1180 1517 1486 1587 beneplaciti2
1523 1517 1669 1570 debet

221 1590 546 1661 Apostolatus,
565 1601 613 1643 et
632 1595 783 1643 omnis
805 1590 1140 1643 Ecclesiasticae
1166 1592 1396 1658 dignitatis
1419 1597 1567 1659 Origo·
1719 1588 1722 1590 ’

292 1672 357 1721 Et
393 1670 441 1718 S
442 1671 651 1719 osthenes
667 1669 833 1732 frater,
863 1671 921 1719 de
950 1687 1040 1735 quo
1071 1667 1179 1720 Act.
1207 1671 1286 1720 18.
1308 1687 1370 1720 ex
1393 1667 1705 1739 Archisyna'g'

223 1771 304 1804 seu
335 1749 597 1820 Synag'ogae
626 1747 931 1802 Corinthiacae
959 1753 1196 1818 principe,
1230 1751 1547 1810 sactussuerat
1580 1751 1645 1806 D.
1696 1807 1699 1809 ,

190 1819 199 1828 ’
225 1833 401 1881 comes,

291 1905 431 1958 Putat
455 1901 616 1957 Estius
647 1904 774 1957 hanc
811 1902 1065 1971 Epistolam
1084 1944 1097 1970 ,
1124 1903 1187 1957 D.
1221 1904 1366 1956 Paulo
1410 1906 1612 1958 dictante
1633 1944 1647 1970 ‚
1671 1907 1695 1958 f

222 1989 250 2035 ὲ
268 1982 501 2036 Sosthene
521 1987 751 2051 scriptam;
773 1983 974 2051 hincque
996 1981 1279 2035 Sosthenem
1299 1985 1357 2034 ab
1385 1978 1719 2051 Apostolo-soc

223 2065 274 2112 in
304 2062 572 2113 salutatione
601 2061 884 2113 adhibitumr

296 2150 538 2218 Quidquid
561 2157 648 2216 sit,
677 2154 763 2204 hac
795 2157 843 2204 in
867 2170 914 2203 re
943 2153 1219 2204 modestiam
1243 2170 1328 2203 nos
1364 2153 1501 2205 docet
1522 2151 1703 2222 Aposto

225 2229 337 2280 dum
361 2228 602 2280 hominem
622 2233 709 2280 sibi
730 2231 865 2295 longe
888 2228 1151 2280 inferiorem
1186 2233 1405 2293 associat,
1445 2240 1492 2282 et
1525 2244 1653 2282 suam
1673 2234 1711 2283 s'

225 2306 394 2357 indicat
415 2306 734 2372 prudentiam,
766 2309 870 2356 curn
889 2302 1155 2356 Corinthios
1178 2310 1410 2374 corrigere
1427 2308 1586 2358 volens
1602 2345 1616 2370 ‚
1644 2306 1707 2359 C
1707 2367 1711 2371 ,

228 2384 430 2435 thiacum
458 2381 916 2452 Archisynagogum‚
957 2384 1045 2433 sibi
1065 2386 1241 2438 socium
1262 2386 1467 2451 adjungit
1496 2390 1544 2436 in
1560 2386 1704 2454 ,saluta

227 2479 315 2519 nez
337 2470 386 2512 ut
412 2463 556 2512 sciant
578 2458 807 2512 Corinthii
830 2460 878 2510 id
910 2459 1073 2526 quod
1061 2478 1109 2509 111
1137 2457 1344 2527 Epistola
1374 2463 1663 2523 continetur,

140 2528 146 2538 x
231 2542 258 2589 ὲ
285 2535 432 2590 Paulo
460 2542 660 2602 tantum,
686 2537 770 2588 sed
795 2546 840 2588 et
871 2541 898 2586 a
915 2534 1150 2587 Sosthene
1173 2536 1417 2603 proficisci.

296 2615 355 2677 Ῠ.
378 2642 428 2672 2.
453 2622 677 2672 Ecclestoe
700 2621 792 2670 Dea·
806 2655 823 2680 ,
851 2638 955 2685 quoe
977 2628 1046 2668 est
1081 2617 1401 2679 Cormtl11‘;id
1427 2628 1523 2683 est,
1547 2637 1689 2685 congr

229 2700 341 2748 tioni
364 2697 596 2761 fidelium,
629 2715 711 2749 seu
734 2696 952 2748 fidelibus
989 2692 1199 2748 Corinthi
1237 2693 1564 2764 congregatisa
1588 2691 1676 2748 De

229 2776 289 2828 ad
310 2774 405 2828 Dei
426 2778 610 2831 cultum.

295 2853 509 2906 Ecclesia
539 2857 660 2919 Dei,
699 2858 804 2921 quia
827 2858 852 2906 ὲ
881 2851 1019 2918 Dee,
1035 2863 1084 2906 et
1119 2854 1179 2910 ad
1205 2852 1393 2917 Deum,
1429 2862 1477 2906 et
1509 2856 1559 2906 in
1593 2851 1671 2907 De
