1760 3210
164 165 166 167 v
400 114 623 151 mmm(
645 93 938 152 ‘Exposrrm
977 102 1096 167 cap.
1133 101 1242 153 XV.
1518 103 1614 165 ιὶοι

32 190 254 244 ὶῐῐιειῐὼτε
273 204 353 239 sua
375 185 571 252 gloriosa·
590 185 780 249 offeret,
802 187 1032 238 dedicabit
1057 196 1103 239 et
1123 189 1334 251 subjiciet
1357 185 1618 254 Deofom-

24 275 176 324 nium
196 273 424 323 bonorum
451 271 674 340 principio
697 277 742 319 et
762 268 863 333 fini,
890 278 939 319 ut
967 287 1073 320 eum
1097 270 1265 332 laudet,
1292 269 1471 336 adoret,
1498 282 1622 334 amet

48 352 99 403 in
131 351 415 400 internum*
738 368 741 372 ·

49 415 54 419 ’
86 461 89 463 —
115 423 207 476 vel
227 427 366 475 etiam
386 424 680 489 praesentabit
702 418 973 481 Ecclesiam,
993 420 1040 469 id
1064 429 1152 482 est,
1186 437 1288 474 eam
1316 425 1361 471 in
1385 421 1475 473 Dei
1514 440 1623 475 con·

50 509 213 568 spectu
235 503 506 559 constituet,
536 517 629 549 non
658 507 707 548 ut
732 516 833 549 eam
861 496 989 548 Deus
1015 500 1448 564 iricipiabaspicere3
1472 503 1555 552 sed
1570 512 1622 554 nt

8 614 14 618 ·
48 577 206 638 Deum
239 580 380 628 sancti
413 579 688 636 intueantur,
730 583 775 626 et.
811 578 911 641 ipso
947 572 1165 624 fruantur.

117 654 404 721 Adimptebit
438 653 561 720 quod
593 656 818 721 promisit.
850 655 1032 712 Venite,
1066 653 1295 702 benedicti
1319 653 1485 704 Patris
1507 659 1615 719 mei,

10 753 22 758 ⁸
47 732 222 794 videte,
256 727 516 795 intuemini,
543 732 756 783 videntes
789 740 837 782 ei
872 734 1101 781 intuentes
1128 732 1360 796 possidele
1396 744 1621 797 paratum

46 817 184 868 vobis
209 831 419 879 regnum.
442 851 455 864 .
474 851 488 865 .

95 885 352 959 ‘Equidem
388 885 630 954 Christus,
661 897 793 957 caput
826 897 1055 950 nostrum,
1083 886 1338 941 Ecclesiam
1362 907 1489 940 suam
1513 889 1620 943 Deo

50 986 174 1020 nunc
208 968 343 1020 offert
377 972 620 1027 continue3
650 977 693 1018 at
727 968 932 1018 nondum
957 972 981 1016 a
1020 977 1165 1018 morte
1208 977 1252 1019 et
1284 973 1308 1017 a
1342 971 1622 1023 mortalitatis

49 1053 232 1101 miseria
253 1050 472 1114 liberam,
507 1049 715 1100 nondum
756 1053 781 1098 a
806 1049 1073 1101 daemonum
1097 1048 1274 1099 insidiis
1315 1057 1471 1115 tutam,
1493 1069 1626 1103 non-

29 1128 162 1179 ‘dum
192 1127 394 1195 perfecte
416 1137 636 1181 sanctam.
1398 1192 1400 1194 Ι

118 1202 289 1256 'Adhuc
311 1207 437 1255 enim
470 1222 530 1254 ex
568 1205 714 1266 aliqua
761 1213 906 1271 parte,
952 1207 998 1256 id
1025 1216 1112 1271 est,
1142 1210 1190 1259 in
1219 1207 1489 1276 quibusdam
1525 1210 1625 1275 ejus

50 1289 272 1341 membris
296 1287 551 1337 dominatur
579 1294 842 1351 peccatum:
877 1287 1026 1337 adhuc
1053 1291 1097 1337 in
1131 1293 1227 1353 ejus
1250 1291 1471 1340 membris
1492 1308 1626 1357 gras-

31 1365 421 1426 ‘saturssdiaboluffi
451 1381 576 1414 mors
603 1372 650 1414 et
674 1368 834 1414 mortis
864 1367 1059 1416 miseriae
1086 1369 1300 1417 saeviunt.

96 1443 258 1497 -Tunc
294 1453 446 1496 autem
476 1443 639 1494 offeret
665 1460 766 1493 eam
789 1444 846 1492 ab
883 1447 1009 1494 omni
1040 1461 1220 1508 prorsus
1247 1444 1381 1503 hoste
1404 1444 1615 1509 liberam,

49 1523 184 1595 plane
219 1532 439 1594 sanctam,
477 1526 669 1575 omnino
701 1524 880 1574 beatam
913 1530 961 1574 et
997 1525 1178 1588 penitus
1215 1524 1454 1589 gloriosam
1484 1523 1623 1577 exhi·

25 1603 185 1658 -bebit
209 1603 334 1656 Deo.
890 1659 914 1674 ⁸

4 1684 48 1717 ‘⁸⁴
126 1682 246 1733 Cam
292 1686 577 1734 evacuaverit
620 1703 805 1733 omnem
843 1685 1178 1749 principatum.
1203 1720 1214 1733 .
1237 1720 1250 1734 .
1285 1683 1333 1733 id
1369 1692 1438 1735 est
1455 1722 1470 1748 ‚
1515 1686 1620 1734 cum

27 1761 305 1813 *aboleverit
331 1780 519 1813 omnem
544 1770 811 1827 potestatem
838 1761 1100 1812 daemonum
1138 1763 1213 1828 qui
1249 1779 1309 1811 ex
1331 1762 1402 1811 his
1434 1762 1621 1811 ordini·-

51 1839 138 1889 bus
158 1839 418 1889 ceciderunt
439 1845 485 1887 et
507 1855 629 1886 nunc
662 1837 818 1887 fideles
839 1837 1088 1895 lacessunt;
1116 1837 1243 1903 quasi
1264 1835 1435 1886 diceret
1459 1855 1470 1884 :
1500 1831 1616 1895 Cum

49 1914 138 1964 sibi
164 1912 365 1979 perfecte
400 1913 643 1975 subjecerit
681 1929 842 1962 omnes
866 1928 972 1961 suos
1001 1920 1046 1961 et
1072 1908 1295 1961 Ecclesiae
1323 1926 1418 1959 suae
1443 1908 1619 1960 hostes.

121 1987 215 2039 Hic
246 1990 333 2038 sibi
362 1990 485 2038 viam
509 1996 630 2052 parat
657 1988 715 2037 ad
753 1987 871 2036 aliud
907 1994 1220 2051 argumentum
1243 2022 1257 2047 ‚
1297 2003 1388 2051 quo
1413 1993 1616 2034 nostram

13 2059 304 2132 “Apostolus
334 2067 714 2114 resurrectionem
757 2064 1022 2129 probaturus
1056 2070 1143 2121 est,
1180 2063 1394 2110 nimirum
1420 2076 1482 2110 ex
1506 2077 1620 2124 per-

48 2139 168 2190 secta
201 2143 408 2190 omnium
432 2136 603 2189 Christi
631 2138 832 2187 hostium
855 2136 1158 2188 debellatione
1182 2144 1228 2185 et
1247 2134 1548 2198 subiectione.
1586 2172 1589 2174 ,

0 2234 1 2285 j
30 2215 67 2261 *ἦ
122 2214 189 2278 Y.
227 2219 308 2269 25.
336 2220 526 2285 Oportet
546 2227 702 2267 autem
725 2219 859 2266 illam
897 2234 1130 2279 regnare..
1149 2253 1162 2266 .
1206 2213 1269 2265 D.
1312 2212 1479 2265 Paulus
1507 2232 1616 2286 rna*-

0 2288 1 2308 ¹
28 2294 229 2346 {nifaste‘
251 2297 432 2360 respicit
474 2295 585 2361 psal.
615 2313 727 2363 ¹09·
769 2295 913 2344 Dixit
938 2294 1165 2344 Dominus
1191 2295 1392 2343 Domino
1420 2290 1579 2345 =meo.'.
1600 2330 1614 2343 .

353 2463 695 2502 suPPoNENDA
734 2465 800 2501 Ao
835 2464 1300 2503 lis'rnnmossm‘tam.
1383 2444 1386 2445 ⁷

116 2603 345 2674 Supponit
376 2626 486 2674 ergo
526 2618 575 2660 et
619 2610 759 2662 habet
798 2614 845 2662 in
866 2622 1022 2664 mente
1059 2617 1212 2665 omnia
1245 2616 1292 2666 in
1330 2614 1421 2665 hoc
1457 2614 1616 2682 psalmi

41 2677 151 2733 loco
183 2692 425 2743 contemtu
453 2684 498 2737 et
532 2687 694 2738 eadem
723 2690 858 2739 nobis
881 2693 928 2740 in
963 2685 1119 2742 mente
1154 2701 1258 2744 sunt
1296 2692 1526 2757 habenda,
1544 2692 1606 2743 ad

45 2760 231 2830 plenam
256 2760 462 2816 Paulinae
483 2771 885 2833 argumentationis
906 2772 1265 2836 intelligentiam.

35 2887 38 2889 ,
111 2838 337 2909 Supponit
355 2848 503 2909 primo
540 2848 663 2915 quod
699 2845 927 2914 Christus,
951 2855 977 2900 a
998 2854 1186 2902 mortuis
1219 2853 1456 2901 suscitatus
1484 2857 1529 2899 et
1561 2851 1612 2899 in

37 2921 207 2974 coelum
235 2925 474 2991 exaltatus,
496 2929 622 2980 sedet
642 2934 667 2980 a
689 2930 861 2981 dextris
882 2926 1002 2996 Dei,
1021 2934 1175 3000 ibique
1196 2933 1414 3000 gloriosus
1430 2938 1607 2997 regnat,

250 3009 304 3045 n.
876 3027 879 3029 ·
1323 3022 1340 3051 ι
1355 3022 1380 3069 7
1392 3041 1404 3053 .
