1760 3210
0 0 24 90 ,2

7 155 20 207 .·,“
65 149 308 204 conforme
325 155 428 198 est.
450 144 583 197 Isaiae
590 145 722 195 enim
743 139 827 203 28,
853 134 912 194 Ῠ.
933 158 1012 202 11,
1045 155 1122 192 12.
1143 142 1362 208 scriptum
1383 148 1480 191 est:
1495 138 1645 195 Variis

401 70 406 86 ·-
438 35 657 109 mimz
691 66 988 114 uxuosrrro.
1027 51 1146 118 Cap.
1180 36 1329 104 XIV.
1469 54 1477 57 ”
1541 53 1645 124 349

3 223 53 306 ’ξί-
51 225 230 292 linguis
249 232 296 275 et
313 223 508 274 diversis
531 217 824 273 idiomatibus
845 216 1004 282 loquar
1027 216 1197 283 populo
1211 215 1323 268 huic
1337 213 1536 284 Judaeo‚
1557 237 1648 272 nee
1723 239 1728 243 ’

5 311 34 358 ff
66 312 242 365 tamen
249 302 308 354 ad
329 319 405 357 me
429 305 777 352 convertentur.
813 351 815 354 y

138 380 251 432 Hoc
276 380 437 448 probat
463 378 638 428 donum
661 376 934 443 linguarum,
964 373 1087 439 quod
1126 369 1350 425 Ecclesiae
1374 375 1530 425 datum
1553 382 1644 441 est,

67 475 166 510 non
194 466 379 526 propter
403 455 562 506 fideles
585 450 841 521 praecipue,
868 450 951 501 sed
965 454 1220 515 praesertim
1238 461 1423 519 propter
1437 454 1645 505 infideles

67 536 438 598 convertend05‚
462 551 558 584 non
579 551 710 582 suum
735 548 920 596 semper
949 530 1163 580 effectum
1188 530 1359 582 habere
1380 551 1392 580 :

136 617 406 683 Prophetiae
425 619 536 665 vero
552 614 727 664 donum
743 650 758 676 ‚
781 612 903 679 quod
919 611 1071 661 datum
1089 620 1156 661 est
1177 609 1396 663 Ecclesiae
1415 616 1644 680 praecipue

3 700 15 722 ·’
65 702 254 764 propter
278 691 436 742 fideles
453 690 792 741 confirmandos
808 725 822 751 ‚
849 689 1226 754 promovendos,
1246 697 1291 740 et
1314 690 1641 756 consolandos,

25 779 29 787 '
65 771 157 823 hos
183 770 372 821 effectus
397 785 586 835 semper
609 767 748 817 habet
772 770 818 817 in
844 767 955 816 illis:
979 783 1088 831 ergo
1111 766 1262 817 utilius
1291 775 1382 829 est,
1419 777 1466 818 et
1499 772 1644 834 magis

67 851 407 920 appetendum3
434 859 478 900 et
515 853 572 900 eo
597 851 798 899 maxime
825 847 1161 913 appetendum,
1207 853 1297 914 quo
1330 851 1398 899 sic
1439 849 1643 916 pluribus

66 935 282 1003 prodest,
311 941 358 984 ut
379 934 554 984 nemini
575 938 757 982 noceat.
777 927 890 980 Non
904 933 964 980 ita
985 930 1044 981 de
1063 929 1316 995 linguarum
1337 930 1460 993 dono
1475 968 1488 995 ‚
1516 933 1643 998 quod

40 1010 309 1076 ,aliquando
333 1017 473 1059 nocet
494 1007 703 1056 fidelibus
729 1014 774 1056 et
793 1005 1071 1056 infidelibus.

136 1087 250 1140 Hoc
290 1089 463 1155 pateb1t
486 1090 801 1153 suppositione
836 1084 968 1135 facta.
1002 1083 1326 1151 Supponamus
1370 1104 1479 1152 ergo
1517 1085 1643 1156 quod

65 1171 280 1220 universa
322 1167 530 1242 quaedam
564 1163 770 1215 Ecclesia
806 1164 1082 1229 particularis
1126 1166 1173 1213 in
1212 1182 1353 1216 unum
1396 1169 1645 1218 conveniat

68 1250 268 1306 coetum3
317 1266 320 1269 ’

133 1324 199 1378 Et
219 1325 344 1392 quod
375 1340 567 1385 omneS,
600 1324 788 1373 nemine
811 1324 1170 1386 interpretante,
1199 1323 1362 1388 linguis
1398 1324 1643 1392 loquantur

65 1407 80 1456 i
113 1406 234 1454 notis
259 1420 270 1450 ε

81 1423 112 1472 g
134 1475 460 1543 Supponamus
487 1481 533 1524 et
563 1474 686 1540 quod
707 1482 816 1523 tunc
834 1475 881 1523 in
916 1472 1041 1524 hunc
1063 1483 1233 1525 coetum
1264 1474 1434 1528 intrent
1454 1479 1609 1532 idiotae
1621 1494 1643 1547 ‚'

64 1557 317 1621 linguarum
338 1556 517 1619 ignari:
556 1590 568 1600 .

70 1646 82 1656 ⁴
133 1633 225 1684 Vel
241 1622 366 1700 quod
381 1632 514 1698 aliqui
539 1629 731 1696 Pagani,
754 1632 1020 1680 curiositatis
1035 1627 1202 1695 gratia,
1231 1631 1336 1684 illuc
1354 1626 1637 1702 subrepant:

133 1708 312 1762 Nonne
341 1727 501 1760 omnes
527 1709 587 1758 illi
623 1726 706 1758 vos
739 1711 923 1758 insanos
956 1711 1258 1775 reputabunt,
1288 1715 1363 1776 qui
1401 1713 1642 1779 loquimini

66 1806 169 1857 quae
189 1788 336 1839 nullus
370 1781 612 1852 intelligit?
634 1783 693 1835 In
728 1785 819 1836 hoc
847 1803 954 1850 ergo
981 1805 1116 1849 casu,
1156 1785 1320 1852 linguae
1354 1790 1569 1843 fidelibus
1595 1802 1643 1845 et

63 1865 323 1916 infidelibus
343 1866 591 1915 nocebunt.

102 1941 436 1994 Contrarium
437 1959 620 2008 prorsus
644 1943 855 2002 eveniet,
880 1943 918 1991 si
939 1941 1020 1990 soli
1044 1940 1282 2008 prophetae
1309 1942 1568 2012 loquantur,
1594 1958 1642 2002 et

59 2020 213 2088 lingua
236 2021 406 2086 vulgari
429 2015 714 2070 Christianas
737 2021 950 2069 veritates
972 2019 1221 2086 explicent.

131 2093 279 2150 Tunc
302 2101 425 2150 enim
449 2102 485 2148 si
511 2102 609 2166 quis
635 2098 710 2148 vel
733 2099 956 2160 infidelis,
983 2099 1058 2149 vel
1081 2098 1221 2149 idiota
1250 2101 1510 2190 intraverit,
1540 2122 1639 2158 non

22 2208 25 2214 s
61 2194 148 2228 vos
167 2186 322 2243 arguet
342 2184 388 2227 et
410 2177 676 2237 damnabit,
700 2184 749 2226 ut
772 2180 938 2243 supra:

129 2257 248 2310 Sed
235 2277 333 2326 ipse
347 2262 372 2308 ὲ
387 2250 766 2325 prophetantibus
776 2267 1000 2323 arguetur,
1016 2268 1062 2310 et
1073 2260 1640 2319 damnabilis-demonstra·

58 2337 199 2389 bitur.
704 2381 706 2383 -

36 2409 38 2411 ’
76 2421 104 2457 ,ἰ
123 2411 318 2465 Etenim
344 2421 528 2479 peccata
549 2430 650 2480 quae
671 2416 720 2464 in
741 2414 882 2464 corde
913 2431 995 2464 suo
1018 2413 1191 2467 occulta
1214 2418 1633 2486 gerit‚.prophetae

56 2492 203 2545 divini
230 2494 363 2543 verbi
381 2492 553 2543 lumine
578 2493 823 2559 detegent,
854 2496 988 2559 eique
1014 2494 1401 2556 manifestabunt,
1390 2517 1401 2528 ·

126 2567 270 2621 Unde
290 2569 368 2620 fiet
388 2577 463 2631 ut,
496 2580 787 2638 peccatorum
816 2589 999 2622 suorum
1014 2575 1166 2623 consci
1233 2573 1292 2623 tia
1313 2582 1479 2642 tactu8‚
1505 2580 1637 2633 cadat

54 2653 226 2718 pronus
251 2651 310 2699 in
327 2647 528 2712 faciem,
557 2666 700 2716 seque
732 2659 1026 2716 peccatorem
1050 2659 1332 2719 agnoscen,
1349 2651 1530 2708 Deum
1551 2676 1638 2724 pro

52 2727 369 2778 misericordia
391 2720 678 2791 obtinenda,
708 2737 910 2780 tremens
929 2739 977 2782 et
996 2734 1228 2797 poenitens
1248 2731 1443 2794 adoret,

121 2799 283 2854 Palam
304 2803 529 2855 confitens
554 2765 680 2871 quod
707 2811 818 2858 vere
841 2805 971 2860 Deus
995 2825 1076 2874 per
1093 2827 1172 2861 sua
1194 2809 1315 2859 dona
1331 2810 1417 2859 sit
1403 2828 1452 2863 in
1475 2813 1631 2865 vobis.

52 2883 165 2955 Quo
185 2902 320 2953 casu,
342 2885 584 2955 prophetia
608 2886 820 2940 fidelibus
844 2897 890 2941 et
913 2889 1173 2943 infidelibus
1194 2891 1400 2959 prodest·

1717 1101 1746 1117 Q
