1760 3210
418 66 640 104 ‘rmpmx
674 64 975 102 Exposrno.
1013 50 1132 117 Cup.
1166 49 1230 100 X.
1533 47 1632 116 247-

316 186 640 248 onsunvxno
676 194 987 231 nooMA'rmA
1027 195 1095 231 ET
1133 193 1379 230 monum.

123 301 206 357 Ab
227 310 327 376 ipso
342 305 568 375 Apostolo
589 310 813 360 discamus
834 307 914 358 hic
931 305 1039 373 quid
1064 311 1120 357 sit
1144 304 1454 373 Eucharistia,
1478 314 1523 359 et
1539 324 1630 375 quo

59 386 212 435 animo
233 386 290 436 ad
316 404 417 438 eam
437 388 657 438 accedere
680 387 948 437 debeamus.
981 430 986 433 .

131 465 504 522 Communicalio
532 475 601 515 est
640 469 844 532 corporis
867 466 1062 515 Domini
1101 484 1183 532 pro
1222 468 1359 516 nobis
1391 467 1626 525 crucifixi3

61 545 426 592 communicatio
461 552 531 592 est
563 546 808 607 sanguinis
836 539 1005 593 Christi
1033 561 1115 607 pro
1154 544 1289 592 nobis
1317 543 1481 604 essusi3
1510 561 1631 594 con-

58 623 301 676 summ-atio
319 629 390 671 est
411 629 458 672 et
478 621 718 688 applicatio
743 621 950 671 sacrificii
979 623 1025 671 in
1048 638 1181 671 cruce
1203 625 1388 687 peracti.

132 691 344 748 Christus
360 735 375 763 ,
398 694 562 764 Agnus
582 692 710 762 Dei,
735 701 783 749 in
807 715 938 750 cruce
958 715 1042 766 pro
1065 699 1202 749 nobis
1222 700 1436 748 omnibus
1459 700 1631 748 immo-

58 774 171 828 latus
195 786 281 830 est.
1365 834 1370 842 ,

125 857 435 912 Sat-ratissima
478 869 628 913 autem
669 857 955 915 Eucharistia
971 901 983 925 ,
1021 863 1155 928 hujus
1198 859 1323 930 Agni
1371 867 1596 916 comestIO
1612 901 1627 929 ,

57 940 244 1003 singulis
265 938 534 992 Christianis
558 943 795 1009 applicatio
811 982 824 1006 ,
847 947 1129 1010 participatio
1146 983 1159 1008 ,
1185 948 1536 997 communicatio
1560 941 1631 997 est

49 1023 261 1084 corporis
283 1039 365 1085 pro
381 1024 515 1085 nobis
538 1024 788 1084 immolati,
817 1035 860 1075 et
886 1029 1118 1092 sanguinis
1144 1045 1224 1094 pro
1245 1029 1376 1077 nobis
1394 1027 1544 1079 effusi.

127 1092 334 1147 Christus
353 1099 399 1147 in
418 1103 552 1148 cruce
570 1098 674 1148 sons
697 1108 764 1149 est
786 1104 1036 1153 immensus
1063 1111 1107 1154 et
1126 1103 1426 1156 inexhaustus
1445 1108 1630 1156 merito·

54 1194 157 1228 rum
173 1186 219 1228 et
237 1181 491 1244 gratiarum.
533 1230 547 1245 ⁴

122 1251 415 1307 Sanctissima
445 1253 728 1308 Eucharistia
747 1295 760 1319 ,
790 1256 1035 1309 Salvatoris
1076 1263 1297 1309 comestio
1315 1298 1327 1321 ,
1363 1260 1454 1312 hoc
1477 1268 1629 1315 meri-

56 1338 206 1383 torum
230 1333 410 1402 peiegus
435 1335 626 1406 applicet
665 1339 907 1406 unicuique
939 1336 1088 1397 fideli,
1133 1346 1178 1390 et
1218 1338 1459 1406 applicabit
1481 1358 1628 1406 usque

53 1411 114 1462 ad
131 1413 275 1464 finem
293 1415 451 1465 mundi
468 1454 483 1478 ,
509 1433 591 1482 pro
615 1419 969 1482 uniuscujusque
988 1417 1146 1468 modo.

121 1490 248 1545 Sicut
289 1494 409 1562 apud
435 1493 641 1557 Judaeos,
678 1498 771 1546 imo
814 1505 860 1547 et
895 1497 1014 1562 apud
1054 1494 1307 1553 Ethnicos,
1339 1497 1628 1546 victimarum

54 1577 277 1624 comestio
303 1583 348 1624 et
375 1579 693 1643 consumptio,
725 1587 820 1628 crat
844 1579 1047 1628 sacrificii
1074 1580 1242 1644 peracti
1271 1579 1552 1642 participatio
1580 1583 1626 1626 et

51 1656 386 1703 consummatio
404 1673 416 1711 ;
1638 1704 1640 1706 .

118 1729 198 1782 Sic
220 1732 339 1796 apud
366 1749 452 1782 nos
487 1734 788 1783 sanctissimae
822 1729 1122 1782 Eucharistiae
1152 1733 1414 1795 perceptio,
1449 1725 1630 1781 Christi

53 1813 260 1862 crucifixi
279 1811 523 1863 Salvatoris
547 1816 768 1864 comestio
783 1851 796 1875 ,
825 1822 895 1863 est
931 1812 1136 1863 sacrificii
1160 1815 1205 1860 in
1227 1829 1358 1861 cruce
1382 1830 1467 1878 pro
1490 1814 1626 1863 nobis

54 1891 224 1957 peracti
247 1893 622 1951 communicatio,
649 1900 692 1941 et
714 1909 796 1956 pro
820 1890 1006 1955 singuiis
1028 1891 1378 1939 consummatio.

122 1966 282 2035 Itaque
313 1969 371 2020 ad
401 1972 729 2020 sanctissimam
753 1967 1086 2020 Eucharistiam
1113 1968 1363 2030 accedens,
1390 1964 1627 2018 Christum

51 2047 101 2096 in
123 2062 257 2095 cruce
296 2053 527 2095 mortuum
563 2050 738 2112 cogita,
772 2064 967 2114 eumque
1010 2053 1058 2095 tu
1087 2046 1168 2094 tibi
1204 2064 1284 2112 pro
1322 2054 1369 2095 te
1392 2055 1627 2096 mortuum

51 2123 250 2190 applica,
276 2125 401 2187 juxta
423 2121 614 2179 Domini
639 2133 931 2190 praeceptum.
953 2125 1075 2174 Hoec
1102 2122 1623 2191 quotiescumquefecee

52 2207 185 2262 ritis,
207 2213 295 2256 ete.
321 2203 441 2256 Vide
468 2204 590 2271 plura
618 2209 665 2256 in
690 2206 923 2256 corollario
946 2208 1124 2272 pietatis
1151 2209 1198 2255 in
1222 2207 1329 2256 fine.

119 2276 178 2338 Ῠ.
210 2305 286 2355 19.
313 2286 446 2352 Quid
466 2305 569 2349 ergo
589 2287 747 2338 dico...

122 2359 300 2424 Objieit
320 2365 591 2429 sibimetipsi
616 2384 626 2413 ε
647 2361 728 2415 An
751 2374 990 2431 propterea
1035 2364 1169 2424 dico,
1219 2373 1374 2415 contra
1417 2365 1465 2416 id
1500 2364 1629 2432 quod

50 2455 94 2489 c,
118 2437 168 2489 8.
199 2428 257 2489 Ῠ.
282 2439 332 2501 4.
368 2439 494 2503 dixi,
518 2439 691 2489 idolum
723 2451 798 2490 aut
821 2441 1106 2491 immolatum
1138 2439 1261 2490 idolo
1295 2432 1465 2507 aliquid
1493 2443 1626 2493 esse?

48 2509 264 2564 Minime.

117 2590 186 2656 Υ.
214 2613 296 2644 20.
327 2588 426 2642 Sed
447 2612 552 2660 quoe
589 2596 838 2645 immolant
869 2604 1076 2658 gemm...
1099 2593 1192 2646 Sed
1221 2596 1323 2647 dico
1362 2596 1484 2662 quod
1516 2597 1626 2649 illud

51 2669 177 2736 quod
210 2667 419 2722 Gentiles
439 2673 706 2737 immolant,
734 2693 830 2724 non
861 2678 975 2723 vero
992 2672 1122 2733 Deo,
1155 2676 1238 2726 sed
1263 2676 1504 2727 daemoniis
1527 2679 1626 2727 im·-

0 2753 2 2756 ’
48 2748 220 2798 molant
241 2768 252 2798 :
274 2758 319 2799 et
341 2760 583 2817 propterea
607 2754 684 2818 qui
707 2749 958 2803 Gentilium
984 2753 1214 2804 sacrificiis
1236 2756 1540 2821 participant,
1566 2755 1626 2805 de

49 2825 320 2892 idolothytis
345 2829 675 2894 comedentes,
703 2849 806 2881 cum
843 2831 1084 2882 daemoniis
1105 2830 1279 2883 habent
1303 2835 1628 2885 communica-2

47 2907 238 2959 tionem.
