1760 3210
404 104 626 144 'rammi
659 103 952 142 Exposrrro.
989 89 1107 156 Cap.
1141 90 1235 142 XI.
1500 89 1600 157 287

95 178 355 246 Simplicia,
384 180 529 246 qualia
559 186 664 230 sunt
688 178 831 228 verba
855 179 1022 228 sinceri
1047 177 1344 242 MediatoriS,
1376 186 1602 231 aeternum

0 260 1 265 ’
30 258 183 312 foedus
198 259 454 308 statuentis.

96 329 354 402 Simplicia,
381 333 526 402 qualia
554 342 658 384 sunt
683 334 825 385 verba
847 335 1012 383 summi
1033 330 1306 398 Pontificis,
1330 336 1601 398 sanctissimi

29 422 80 464 et
102 415 383 463 veracissimi
401 450 415 476 ,
431 412 590 462 salsum
605 411 788 476 dogma,
811 419 857 460 et
873 427 1060 459 omnem
1078 411 1374 460 idololatriam
1398 413 1620 461 maximo'

33 488 249 542 habentis
267 490 402 548 odio;
429 498 474 540 et
497 489 660 554 quibus
682 495 1037 552 consequenter,
1065 504 1125 536 ne
1154 490 1388 536 minimam
1415 488 1603 551 quidem

36 570 173 620 vellet
206 572 298 619 suis
330 570 483 618 verbis
519 569 809 616 occasionem
844 567 1057 627 dedisse;
1100 563 1230 634 quod¹
1261 575 1415 616 tamen
1442 570 1603 618 revera

33 645 166 707 fecit,
191 649 228 696 si
247 648 432 711 figurate
457 645 631 696 locutus
660 653 744 696 est.

101 722 359 789 Simplicia,
402 725 544 792 qualia
587 733 692 774 sunt
729 725 869 774 verba
908 721 1183 785 Salvatoris,
1232 732 1404 774 nostrae
1445 724 1598 774 salutis

28 806 352 865 minutissimi,
380 809 710 873 potentissimi,
738 815 782 856 et
805 809 1057 857 maximum
1082 808 1218 857 nobis
1248 808 1422 856 bonum
1442 844 1455 870 ,
1498 824 1604 857 om·

35 888 164 953 nium
188 886 374 936 suorum
399 885 671 937 mirabilium
690 885 957 935 memoriale
974 924 989 949 ,
1020 885 1167 935 sacere
1189 886 1417 935 volentis.'

103 960 282 1012 Rursus
298 966 393 1027 ipsa
404 966 559 1023 verba,
581 981 662 1013 seu
677 965 923 1012 verborum
937 971 1177 1013 contextus
1196 982 1208 1012 ε
1231 952 1338 1011 Hoc
1352 971 1421 1012 est
1438 980 1605 1024 corpus

34 1055 190 1089 meum
203 1075 221 1099 ‚
249 1042 381 1106 quod
402 1061 487 1107 pro
512 1043 644 1092 vobis
670 1043 879 1090 tradetur·
895 1062 913 1089 .-
942 1059 1051 1107 ergo
1078 1059 1240 1091 verum
1266 1058 1456 1106 corpus,
1481 1038 1607 1106 quod

34 1116 95 1168 de
118 1116 236 1166 sacto
266 1135 347 1183 pro
366 1120 575 1187 nobis-in
599 1127 793 1168 mortem
818 1121 1030 1169 traditum
1049 1128 1149 1178 est,
1179 1136 1273 1169 non
1298 1117 1457 1182 figura.

103 1192 193 1244 Vel
212 1195 463 1244 secundum
486 1191 569 1245 Gr.
585 1195 708 1259 quod
707 1192 971 1258 frangitur.
992 1193 1170 1245 Scilicet
1191 1197 1280 1258 jam
1298 1194 1355 1242 de
1375 1193 1605 1258 praesenti,

31 1289 116 1338 per
139 1273 411 1324 fractionem
435 1276 691 1340 specierum
718 1274 846 1337 panis
862 1310 875 1334 ,
904 1277 951 1322 in
989 1271 1158 1323 Christi
1183 1289 1345 1338 corpus
1365 1268 1461 1335 jam
1485 1288 1608 1320 con-

11 1353 154 1400 ·versi
181 1370 191 1400 :
220 1369 308 1401 nec
332 1353 458 1400 enim
495 1350 600 1399 alibi
628 1349 818 1399 fractum
844 1357 911 1398 est
941 1366 1104 1414 corpus
1132 1346 1320 1398 Christi.

103 1429 204 1476 Ht'c
227 1437 296 1476 est
315 1430 508 1492 sanguis
531 1448 659 1478 meus
692 1430 796 1477 novi
843 1428 1158 1486 Testamenti,
1205 1428 1286 1492 qui
1319 1443 1405 1490 pro
1445 1423 1607 1472 multis

31 1501 312 1568 effundetur.
341 1503 506 1555 Matth.
530 1505 611 1555 26.
640 1506 731 1562 28;
760 1504 904 1555 Marc.
936 1507 1009 1565 14..
1041 1506 1106 1566 24.
1130 1524 1142 1553 :
1172 1502 1466 1567 Esfimdelur.
1494 1501 1606 1552 Sci-

30 1581 136 1631 licet
166 1583 227 1632 in
255 1600 404 1633 cruce.
448 1581 534 1635 Vet
569 1585 696 1647 juxta
737 1580 820 1635 Gr.
849 1581 1111 1646 effunditur
1140 1604 1156 1633 .-
1186 1585 1276 1646 jam
1315 1585 1419 1632 cum
1445 1580 1607 1646 singuli

35 1653 220 1704 bibunt.

99 1731 291 1798 Sanguis
318 1751 454 1784 verus
476 1735 645 1786 effusus
671 1743 738 1785 est
760 1737 804 1785 in
825 1753 985 1795 cruce3
1015 1754 1109 1786 non
1133 1736 1292 1802 figura.

100 1807 292 1874 Sanguis
326 1814 493 1862 veteris
521 1810 809 1862 Testamenti
846 1811 929 1862 fuit
960 1830 1096 1864 verus
1129 1831 1141 1861 ε
1177 1830 1285 1878 ergo
1326 1821 1373 1863 et
1414 1813 1604 1878 sanguis

27 1889 163 1938 novi.
214 1923 230 1930 ›·

102 1962 221 2027 Quis
244 1965 501 2015 mortalium
536 1965 696 2016 volens
723 1966 770 2016 id
794 1984 927 2031 agere
954 1967 1200 2034 (suppono
1223 1966 1351 2035 quod
1386 1968 1604 2019 divinitus

30 2043 228 2110 possit),
258 2043 383 2108 quod
400 2042 630 2094 Christum
650 2043 811 2094 secisse
834 2046 1083 2103 credimus;
1103 2049 1202 2110 quis
1218 2081 1232 2107 ,
1253 2049 1464 2112 inquam,
1488 2064 1600 2112 pos-

27 2129 100 2171 set
136 2121 291 2170 verbis
326 2119 589 2170 clarioribus
631 2123 728 2171 uti?
771 2123 878 2171 Hoc
908 2133 977 2172 est
1016 2141 1179 2188 corpus
1212 2144 1364 2174 meum
1375 2140 1398 2181 ;
1424 2125 1502 2173 hic
1531 2132 1603 2173 est

27 2199 222 2261 sanguis
248 2216 392 2247 meus.
883 2208 888 2212 '
1027 2213 1030 2217 ’

99 2276 220 2342 Quis
242 2295 351 2343 ergo
366 2277 623 2328 mortalium
643 2278 747 2328 haec
769 2277 937 2330 Christi
956 2281 1096 2330 verba
1119 2279 1239 2329 clara
1254 2316 1269 2342 ,
1286 2285 1336 2328 et
1355 2272 1597 2347 simplicia,

28 2373 126 2406 non
149 2356 340 2406 credens
362 2355 639 2420 simpliciter,
665 2366 770 2406 ante
793 2355 968 2408 Christi
993 2358 1187 2407 tribunal
1215 2358 1378 2407 audeat
1405 2351 1565 2408 stare?

98 2433 227 2498 Quid
261 2437 388 2483 enim
412 2433 708 2498 respondebit
734 2432 916 2485 Christo
952 2438 1169 2501 quaerenti
1194 2455 1203 2484 :
1230 2433 1322 2484 Cur
1347 2435 1462 2485 mihi
1500 2453 1597 2487 non

26 2514 293 2565 credidisti?
329 2511 407 2562 cur
449 2530 524 2562 me
569 2516 810 2563 mentitum
857 2532 958 2564 esse
999 2515 1190 2564 dixisti?
1237 2514 1459 2565 affirmavi
1507 2532 1594 2580 ego

25 2594 191 2641 veritas
213 2611 223 2640 :
255 2593 363 2640 Hoc
390 2598 458 2638 est
475 2609 639 2655 corpus
659 2610 810 2640 meum
821 2628 839 2650 ,
865 2602 951 2642 etc.
976 2600 1021 2642 tu
1046 2593 1218 2658 negasti
1233 2628 1250 2653 ,
1276 2592 1461 2655 dicens,
1484 2590 1600 2643 Non

23 2676 91 2717 est
116 2685 306 2733 eorpus,
334 2667 417 2716 sed
435 2667 574 2733 figura
593 2672 812 2734 corporis,

91 2746 351 2799 Catholicus
386 2758 535 2799 autem
563 2767 747 2800 securus
772 2750 989 2813 accedet,
1022 2754 1137 2810 etsi,
1167 2770 1248 2818 per
1281 2744 1593 2819 impossibile,

25 2825 144 2879 soret
165 2827 406 2892 deceptus;
433 2827 605 2878 diceret
627 2831 748 2878 enim
772 2828 1087 2879 confidenter:
1114 2827 1161 2879 Si
1185 2829 1403 2895 deceptus
1426 2848 1544 2888 sum,
1573 2831 1600 2879 a

23 2908 267 2971 temetipso
283 2941 296 2968 ,
322 2902 491 2972 ¹{eterna
510 2907 727 2969 veritate,
747 2905 965 2970 deceptus
981 2924 1108 2957 sum:
1131 2906 1235 2958 ideo
1253 2911 1419 2974 quippe
1432 2907 1594 2972 decep·
