1760 3210
140 58 229 155 96
469 76 647 114 emma:
665 77 973 126 ems’rom
984 80 1065 118 An
1100 39 1426 149 conturnicis

234 150 354 218 Quis
364 160 429 212 te,
455 150 484 201 ὂ
507 137 703 223 Doctor‚
724 153 968 223 discernit,
993 158 1120 223 quasi
1139 158 1314 214 caeteris
1331 156 1609 227 excellenti·
1672 186 1695 206 ι·
1733 185 1745 210 s

143 223 280 298 >quis
287 239 332 283 te
355 230 465 282 fecit
483 231 580 282 aliis
605 226 968 298 praestantiorem
985 271 1001 300 ,
1039 244 1086 288 et
1113 235 1238 288 velut
1258 236 1318 287 ab
1349 229 1439 292 illis
1432 215 1731 318 discretum}

161 307 390 377 Loquitur
430 310 490 361 de
520 309 810 370 discretione
846 312 1078 366 donorum
1116 313 1438 381 naturalium,
1433 317 1714 424 §sapientia>
1750 328 1753 329 ’

161 384 464 455 eloquentiae,
490 398 578 442 etc.
602 390 686 442 sed
700 408 795 479 par
798 394 913 452 ratio
935 393 996 445 de
1026 393 1303 447 discretione
1340 398 1636 465 gratiae,seu

162 471 381 534 gratiam.
415 481 419 484 ’

233 546 378 614 Quod
400 551 439 600 si
457 549 605 600 dicas:
630 548 784 603 Labor
801 562 847 605 et
874 553 1097 607 industria
1118 572 1251 615 mea;
1275 529 1437 607 insto·

235 627 369 694 Quid
386 637 544 678 autem
559 629 736 691 habes,
769 633 917 698 quod
928 651 1021 682 non
1048 636 1299 700 accepisti.
1293 634 1317 669 Ρ
1347 636 1376 684 ὲ
1400 604 1509 686 Deo
1535 631 1738 696 scilicet?

160 712 198 761 si
220 717 372 759 autem
394 711 610 775 accepisti
625 719 671 761 et
691 713 928 777 ingenium
938 708 1288 778 et'industriam,
1310 703 1723 782 quidgloriurrlsfi.

157 788 312 840 honor
339 795 408 838 est
434 805 579 854 penes
598 789 813 854 dantem,
835 809 932 842 non
965 809 1113 858 penes
1149 794 1480 860 accipientem.
1501 790 1618 859 quid
1634 807 1730 854 erg

155 869 392 933 glor-turis.
386 867 410 903 Ρ
430 864 556 930 Deo,
581 871 658 933 qui
680 872 835 920 omnia
858 871 941 920 tibi
969 869 1099 923 dedit
1122 886 1428 939 quaecumque
1445 868 1608 943 habes,
1616 884 1709 941 gra
1732 908 1735 909 γ

160 949 244 997 tias
263 963 377 1011 age,
402 943 631 995 honorem
646 945 809 997 redde.
835 938 964 996 Deus
985 945 1090 995 haec
1110 947 1195 996 tihi
1220 945 1492 999 charismata
1519 904 1649 996 dedit
1682 961 1738 1000 avv

159 1039 291 1074 suam
305 1021 524 1088 gloriam,
549 1038 652 1072 non
678 1023 734 1072 ad
750 1031 903 1082 tuam
931 1024 979 1076 in
1003 1039 1111 1073 suos
1134 1040 1271 1088 usus,
1299 1041 1396 1074 non
1426 1023 1485 1073 ad
1511 1029 1648 1084 tuos,
1663 1013 1749 1073 au-

159 1102 218 1153 ad
239 1109 314 1152 tua
336 1102 454 1153 lucra
475 1122 487 1161 ς
515 1101 623 1169 quid
646 1121 755 1167 ergo
779 1111 826 1153 tu
850 1104 934 1161 tibi
957 1120 1010 1153 ea
1026 1103 1242 1169 arrogas?-
1259 1102 1426 1155 etfacis
1446 1103 1647 1172 propria,
1667 1099 1753 1155 fur

155 1181 309 1248 gloriae
325 1188 370 1231 et
391 1181 622 1230 bonorum
646 1175 776 1231 Dei.
766 1180 787 1217 Ρ
1394 1208 1397 1211 ·

226 1256 351 1308 Haec
370 1255 656 1308 Ductoribus
673 1261 803 1309 vanis
820 1259 1003 1323 dicem,
1025 1260 1209 1325 corrigit
1229 1268 1275 1310 et
1298 1256 1551 1331 discipulos
1564 1259 1642 1308 exi
1695 1255 1713 1272 ’
1742 1314 1746 1315 ⁷

156 1336 396 1387 doctorum
417 1335 583 1386 talenta
597 1340 715 1386 vane
735 1339 990 1400 mirantes,
1005 1338 1051 1386 in
1070 1339 1297 1404 magistris
1333 1337 1426 1386 suis
1456 1333 1714 1400 gloriantes

157 1415 463 1482 hominique,
492 1433 586 1466 non
612 1413 749 1478 Deo,
771 1416 959 1482 gloriam
980 1416 1037 1467 de
1061 1418 1154 1466 suis
1175 1415 1310 1466 donis
1334 1413 1602 1466 reddentes,

228 1492 409 1545 Omnes
430 1511 538 1559 ergo
562 1492 877 1557 docetDeum
906 1497 1115 1545 omnium
1145 1495 1376 1547 bonorum
1418 1499 1668 1543 auctorem·
1689 1506 1739 1562 6

156 1572 414 1639 largitorem
439 1571 650 1647 laudare:
673 1576 720 1623 in
755 1570 862 1624 Deo
897 1572 1103 1641 gloriari,
1147 1575 1235 1643 quui·
1266 1589 1410 1625 omne
1433 1571 1612 1623 bonum
1631 1575 1707 1628 est
1728 1563 1745 1586 ⁵

151 1653 318 1703 nonin
344 1651 634 1716 hominibus,
664 1655 741 1718 qui
768 1668 830 1703 ex
847 1670 898 1703 se
922 1651 1036 1702 nihil
1071 1660 1211 1715 sunt,
1246 1650 1362 1703 nihil
1396 1648 1596 1704 habent
1621 1648 1725 1722 nii:

240 1749 262 1780 s
296 1739 1746 1781 nt...

155 1749 366 1865 posiiuanc
381 1804 644 1872 generalem
670 1799 884 1869 Apostoli
909 1805 1215 1866 sententiam,
1238 1800 1305 1856 D.
1337 1799 1463 1868 Aug.
1500 1808 1546 1852 et
1573 1783 1710 1853 Con„

157 1882 369 1938 Arausio.
382 1900 446 1936 ··.2
465 1903 564 1936 can.
592 1885 642 1936 6.
656 1885 882 1950 accipiunt
922 1885 969 1933 in
992 1883 1245 1949 particulari
1270 1882 1329 1933 de
1357 1881 1634 1933 discretione
1664 1903 1730 1952 συ,

159 1970 346 2033 gratiam
365 1974 410 2018 et
435 1965 711 2017 electionem
728 1963 945 2015 Divinam
966 1982 978 2022 ;
997 1971 1262 2031 negantque
1282 1968 1439 2030 contra
1460 1957 1701 2026 Pelagian
1718 2015 1722 2019 ,

160 2057 205 2100 ct
231 2046 655 2114 Semipelagianos,
680 2063 816 2112 posse
852 2062 1127 2113 quemquam
1147 2047 1173 2094 a
1195 2060 1355 2094 -massa
1388 2042 1659 2108 perditionis
1697 2064 1705 2071 ·
1736 2042 1738 2048 ⁴

156 2132 449 2192 peccatorum
470 2141 521 2173 se
538 2123 798 2174 discernere
813 2160 824 2181 ,
847 2131 891 2172 et
917 2122 1069 2173 salutis
1082 2137 1180 2172 suae
1194 2122 1375 2171 initium
1401 2117 1542 2168 ordiri
1561 2134 1701 2184 pers

116 2252 119 2257 ,
156 2223 239 2258 seu
263 2204 370 2255 solis
388 2212 557 2256 naturae
594 2201 903 2253 viribuszsed
922 2208 1122 2253 statuunt
1149 2200 1207 2251 ad
1241 2199 1335 2250 hoc
1368 2199 1632 2250 necessario
1668 2195 1739 2218 ””

158 2284 272 2352 quiri
296 2284 482 2348 gratiam
504 2280 592 2331 Dei
613 2284 915 2340 excitantem,
942 2288 1270 2346 cooperantem
1286 2316 1301 2343 ‚
1324 2275 1414 2344 qua
1435 2276 1631 2341 liberum
1646 2269 1711 2357 ad

157 2363 340 2425 juvetur
359 2362 612 2411 arbitrium.

231 2433 287 2497 ψ.
305 2436 354 2488 8.
372 2438 488 2488 Jam
513 2438 716 2487 saturati
744 2440 869 2489 estis,
890 2474 903 2488 .
921 2474 934 2488 .
949 2474 960 2488 .
983 2433 1194 2487 Eosdem
1217 2432 1446 2485 Doctores
1477 2430 1565 2482 alte
1597 2429 1657 2482 de
1674 2427 1721 2486 ζ’

155 2517 408 2568 sentientes
422 2520 596 2567 etvane
616 2534 728 2582 prsae
709 2523 966 2577 sumentes,
985 2517 1122 2580 gravi
1132 2523 1175 2565 et
1194 2512 1325 2578 longa
1340 2509 1572 2576 suggillat
1559 2509 1707 2559 troni

159 2615 320 2648 eorum
342 2606 568 2648 tumorem
590 2601 779 2663 pu'ugit,
803 2605 852 2646 ut
870 2604 1035 2655 sanet;
1065 2595 1192 2646 ulcus
1211 2595 1389 2660 aperit,
1414 2598 1464 2640 ut
1488 2597 1630 2639 curet.
1691 2643 1706 2655 .

226 2671 541 2734 Jamdudum,
568 2676 656 2737 jam
675 2709 690 2735 ,
721 2682 813 2723 tarn
841 2676 964 2732 cito3
1006 2679 1054 2722 ut
1093 2670 1305 2723 ostendat
1327 2686 1388 2719 ex
1411 2676 1623 2733 tempore
1643 2662 1694 2715 h

154 2756 443 2822 impossibile
468 2772 593 2815 esse,
615 2757 675 2805 ait
699 2751 950 2820 D.C11r)-.s

225 2836 333 2890 Jam
354 2856 462 2904 ergo
489 2838 814 2888 adsatietatem
841 2854 987 2903 usque
1011 2836 1168 2903 repleti
1196 2837 1303 2887 estis
1345 2831 1562 2885 omnibus
1597 2830 1705 2887 bug

160 2927 202 2970 et
227 2921 272 2971 in
298 2922 423 2970 omni
451 2937 638 2971 munere
654 2917 828 2970 Divino
853 2916 1072 2985 opulenti.
1687 2912 1703 2925 ⁷
