1760 3210
364 71 401 88 v»
440 62 654 102 Tamnax
687 29 993 123 exrosmoz·
1011 45 1130 113 Cap.
1160 44 1262 102 XI.
1515 47 1624 101 255

696 262 727 298 μὴ
747 247 826 292 ξιτ-εν

252 353 635 416 ANALYsls
673 316 979 466 cumps
1017 300 1442 407 &Nanctum
1588 312 1601 323 ⁴

808 510 816 519 ς

843 497 892 539 ᾳ
910 501 972 543 (-’

57 537 138 632 ΙΝ
161 584 253 636 hoc
271 582 421 646 capite
439 580 525 628 tria
545 579 768 627 reformat
786 505 1626 659 nmffissoffimhio-

54 658 161 693 rum
182 642 494 690 conventibus
513 642 812 704 irrepserant.

116 703 296 756 Primo,
316 713 479 750 contra
500 703 720 749 decorum
734 737 747 756 ‚
769 701 859 748 viri
875 710 1039 762 operto
1059 699 1208 763 capite
1224 730 1238 758 ,
1256 698 1473 746 mulieres
1490 717 1626 763 aper-

55 775 136 825 to,
154 765 351 811 orabant
371 774 418 811 et
439 763 800 827 prophetabant.

118 825 336 874 Secundo
352 860 368 886 ,
396 825 588 872 ditiores
619 825 670 871 in
706 823 899 873 ecclesia
934 821 1234 886 particulares
1269 822 1358 868 sibi
1401 823 1630 884 parabant

57 903 240 994 mgnsas
256 921 271 948 ,
294 887 373 933 ubi
398 885 707 950 epulabantur
729 886 854 931 laute
872 918 886 940 ,
907 885 1192 948 pauperibus
1210 883 1397 930 interim
1420 885 1630 932 esurien-

33 963 36 965 ’
56 949 92 994 ti
129 964 197 993 us.
574 975 576 977 -

118 1008 278 1114 ffertio
296 1042 311 1067 ,
326 1007 471 1055 *multi
491 1007 688 1069 indigne
713 1008 772 1054 ad
791 1005 1127 1053 sanctissimam
1145 1005 1482 1052 Eucharistiam
1500 1023 1630 1053 acce-

16 1082 17 1087 ’
55 1069 117 1115 de
152 1078 250 1114 ant.

132 1129 312 1176 Horum
338 1129 623 1175 'defectuum
659 1127 947 1190 correptioni
992 1128 1117 1174 viam
1152 1137 1288 1190 parat
1329 1128 1590 1190 Apostolus
1613 1163 1629 1191 ,

57 1189 190 1237 brevi
210 1189 564 1236 Corinthiorum
585 1189 719 1236 laude
738 1222 753 1249 ,
774 1195 825 1236 ir.
841 1203 886 1232 2.
909 1189 1148 1236 contenta.

121 1258 172 1299 ir.
197 1253 240 1297 3.
270 1251 334 1297 Ut
364 1251 560 1314 primam
581 1252 874 1314 aggrediatur
908 1248 1289 1294 reformationem
1312 1282 1324 1302 ‚
1347 1250 1523 1295 stabilit
1544 1268 1631 1313 pro

56 1311 396 1368 fundamento,
416 1312 544 1374 quod
565 1313 683 1358 sicut
702 1311 916 1356 Christus
934 1319 1003 1355 est
1024 1310 1176 1356 omnis
1200 1309 1286 1356 viri
1305 1320 1444 1372 caput
1466 1323 1513 1358 et
1534 1314 1633 1358 Do-

57 1372 240 1428 minus;
267 1373 331 1420 ita
362 1374 435 1420 vir
456 1373 661 1420 mulieris
697 1381 767 1418 est
787 1380 928 1434 caput
952 1389 963 1414 :
990 1373 1111 1417 Deus
1133 1381 1287 1416 autem
1313 1371 1467 1418 omnis
1488 1390 1631 1436 supe·

58 1433 280 1482 rioritatis
306 1435 432 1482 fon's.

123 1495 247 1542 Hinc
273 1502 324 1544 ὴ.
347 1505 393 1555 4.
426 1495 570 1541 insert
591 1494 722 1556 quod
739 1494 897 1540 omnis
926 1492 998 1539 vir
1033 1508 1172 1537 orans
1193 1491 1403 1554 publice,
1426 1493 1497 1540 vel
1522 1510 1632 1556 pro-

59 1554 283 1618 phetans,
303 1557 443 1603 debet
473 1572 571 1602 esse
592 1566 753 1618 aperto
775 1554 955 1618 capite3
976 1552 1103 1615 quod
1124 1553 1308 1614 signum
1336 1563 1406 1599 est
1437 1553 1632 1601 liberta-

62 1619 125 1663 tis
146 1626 193 1662 et
213 1617 567 1676 superioritatis.

124 1683 178 1726 ἡ.
204 1679 250 1723 5.
271 1678 310 1723 E
329 1679 492 1726 contra
521 1677 673 1724 omnis
691 1676 859 1722 mulier
886 1685 1048 1737 operto
1071 1674 1221 1736 capite
1242 1676 1324 1734 sit3
1362 1677 1490 1737 quod
1523 1677 1641 1723 sub-

62 1738 280 1800 jectionis
314 1750 385 1787 est
413 1739 614 1800 signum.
639 1745 692 1786 ἡ.
715 1738 760 1786 6.
782 1738 940 1799 Turpe
973 1745 1044 1782 est
1074 1735 1259 1781 mulieri
1290 1743 1457 1798 *aperto
1483 1739 1635 1800 capite

65 1815 198 1845 orare
221 1819 240 1846 ·.
255 1801 363 1862 quia
381 1801 510 1846 idem
535 1809 605 1846 est
619 1815 672 1845 ac
695 1799 736 1846 si
756 1808 877 1845 esset
897 1813 1021 1853 rasa;
1051 1797 1144 1844 hoc
1160 1796 1440 1859 probrosum
1459 1815 1567 1860 ergo
1588 1808 1638 1846 et

65 1858 282 1906 alterum.
990 1888 991 1891 =
1450 1862 1452 1869 ‘

127 1926 181 1969 ὴ.
207 1936 248 1980 7.
269 1921 522 1983 Utramque
542 1939 628 1984 pro
666 1920 939 1973 ositionem‚
971 1929 1017 1966 et
1038 1920 1097 1965 de
1128 1919 1230 1967 viro
1256 1928 1302 1964 et
1331 1919 1389 1965 de
1409 1922 1602 1967 muliere
1620 1956 1637 1977 ,

66 1981 315 2028 confirmat
335 1983 436 2028 aliis
461 1983 626 2029 rationi
666 1999 717 2028 us
748 1983 775 2027 a
797 1990 963 2026 natura
996 1981 1174 2035 ductis,
1210 1997 1354 2041 usque
1378 1982 1436 2027 ad
1460 1990 1509 2031 ᾗ.
1549 1983 1604 2029 16
1621 2017 1636 2038 ,

63 2041 145 2088 ubi
166 2042 385 2090 Ecclesiae
405 2043 746 2090 consuetudine
767 2059 867 2089 rem
897 2042 1088 2088 conficit
1105 2043 1327 2090 adversus
1351 2045 1636 2092 contrariam

62 2103 344 2150 sententiam
370 2114 744 2174 propugnantes.

130 2171 182 2212 ir.
210 2179 280 2221 ¹7.
306 2166 496 2211 Transit
517 2166 577 2211 ad
605 2165 771 2217 aliam,
805 2174 851 2210 et
872 2163 1060 2225 quidem
1093 2164 1280 2224 majorIS
1310 2165 1541 2213 momenti
1568 2186 1644 2215 re·

65 2223 399 2272 formationem
425 2245 436 2270 ε
473 2227 585 2272 hinc
604 2242 703 2272 non
725 2225 916 2280 laudat,
944 2225 1025 2271 sed
1061 2227 1322 2288 vituperat3
1348 2228 1456 2288 quia
1478 2246 1643 2278 eorum

65 2296 214 2333 coetus
234 2303 332 2334 non
361 2288 616 2349 proficiunt
636 2289 686 2333 in
709 2287 900 2340 meliu5‚
922 2286 1005 2332 sed
1025 2286 1074 2332 in
1095 2287 1298 2333 deterius
1316 2286 1556 2336 deficiunt.

131 2348 302 2410 Tangit
320 2349 431 2395 vitia
443 2366 545 2411 quae
568 2349 620 2394 in
642 2349 713 2394 his
733 2347 928 2394 coetibus
946 2348 1262 2394 committunt.
1290 2355 1340 2397 i!-
1367 2356 1436 2396 18.
1466 2352 1637 2422 Tangit

65 2423 230 2454 eorum
254 2409 590 2463 dissensiones,
613 2426 726 2472 quas
750 2427 806 2455 ex
829 2419 958 2471 parte
985 2410 1132 2455 credit
1149 2429 1161 2454 :
1181 2408 1311 2471 quia,
1340 2411 1471 2472 quod
1491 2415 1639 2460 schis-

71 2479 195 2515 mate
222 2471 355 2533 pejus
377 2481 472 2526 est,
494 2480 681 2533 oportet
703 2480 750 2516 et
770 2470 967 2516 haereses
987 2487 1102 2517 esse.

130 2536 182 2579 ir.
201 2547 276 2578 20.
302 2531 509 2578 Divitum
541 2542 667 2578 taxat
688 2531 1021 2593 ingluviemssin
1050 2532 1222 2594 Agapis
1253 2533 1570 2594 celebrandis,
1594 2545 1645 2583 et

68 2606 231 2660 eorum
251 2592 302 2639 in
330 2609 560 2656 pauperes
591 2593 827 2640 duritiem.
865 2599 917 2641 ir.
944 2605 995 2639 21
1023 2605 1070 2641 et
1112 2609 1186 2642 22.
1210 2597 1323 2643 Haec
1360 2612 1520 2643 eorum
1550 2602 1642 2648 cri.

68 2666 197 2697 mma
217 2665 476 2715 exaggerat.

94 2729 105 2738 ξ
132 2713 195 2759 Ut
229 2725 383 2760 autem
415 2732 469 2762 ea
499 2714 749 2771 reformet,
779 2715 907 2775 juxta
938 2716 1113 2763 Christi
1152 2719 1344 2767 Domini
1376 2723 1644 2787 exemplar,=

69 2779 122 2823 ir.
154 2776 230 2820 23.
253 2777 314 2832 24
329 2808 343 2829 ,
364 2777 438 2824 25.
481 2777 739 2823 Dominicae
758 2792 904 2824 coenae
925 2777 1268 2830 institutionem
1294 2782 1481 2837 scribit,
1503 2802 1645 2848 quam

68 2836 215 2884 verbo
232 2835 454 2883 docuerat
475 2853 573 2886 eos·

130 2902 184 2947 91.
206 2897 282 2946 26.
320 2898 600 2947 Corinthios
636 2899 894 2963 alloquitur
915 2901 1110 2962 Paulus.
1141 2915 1193 2953 ut
1227 2907 1474 2958 attendant
1493 2908 1553 2955 ad
1572 2925 1647 2953 re-
