1760 3210
122 78 231 132 302
462 92 640 130 panus
674 93 927 133 amsa-om:
965 96 1032 133 Ao
1067 84 1377 135 commmo‘s

129 166 222 221 tua
244 183 354 219 non
369 161 612 235 indigem
640 176 730 221 aut
753 162 946 223 iterum
965 177 1126 237 caput
1155 165 1378 237 pedibus
1396 190 1411 222 t
1429 169 1554 226 Non
1574 169 1674 228 esti
1687 160 1716 199 ⁵⁶

130 253 261 311 mihi
282 251 585 310 necessarii.

195 731 283 768 22.
304 711 412 768 Sed
439 711 608 768 mult'o
637 711 803 784 magis
827 734 943 782 quae
970 712 1215 768 videntur
1238 715 1480 771 membra
1500 736 1736 809 corpo-

127 796 203 855 ris
230 797 532 855 infirmiora
553 819 703 868 esse,
729 799 1093 856 necessariora
1111 810 1252 856 sunt.

203 952 287 1005 23.
308 948 375 1004 Et
400 971 516 1018 quae
538 962 786 1019 putamus
817 949 1135 1023 ignobiliora
1161 950 1404 1008 membra
1434 973 1547 1010 esse
1579 934 1728 1011 οοΓᾸ

131 1037 300 1106 poris,
326 1036 408 1093 his
444 1036 705 1094 honorem
727 1038 1171 1097 abundantiorem
1205 1042 1592 1100 circumdamus
1616 1069 1628 1097 ι
1655 1056 1713 1100 et

132 1147 251 1196 quae
285 1125 573 1184 inhonesta
600 1139 723 1184 sunt
746 1141 949 1201 nostra,
984 1129 1428 1188 abundantiorem
1454 1129 1711 1188 honesta-

130 1226 241 1271 tem
263 1214 478 1274 habent.
1738 1220 1740 1222 ’

202 1601 286 1664 ²4·
308 1597 551 1650 Honesta
584 1604 762 1649 autem
783 1604 966 1650 nostra
989 1593 1188 1651 nullius
1214 1607 1369 1667 egent
1392 1620 1405 1651 :
1439 1596 1534 1654 sed
1560 1600 1708 1654 Deus

130 1682 447 1755 temperavit
485 1703 713 1753 corpuS,
756 1681 835 1753 ei,
872 1681 955 1738 cui
1005 1683 1208 1752 deerat,
1257 1682 1708 1740 abundantiorem

130 1774 416 1831 tribuendo
440 1770 703 1827 honorem
727 1812 741 1837 ‚

200 1925 284 1975 25.
308 1920 387 1975 Ut
404 1940 514 1974 non
537 1917 602 1974 sit
630 1917 862 1975 schisma
882 1915 937 1972 in
958 1936 1205 1986 corpore,
1236 1916 1332 1986 sed
1347 1915 1580 1988 idipsum
1601 1937 1707 1988 pro
1755 1914 1760 1959 ἕ

124 2006 361 2065 invicem
397 2005 625 2062 sollicita
646 2005 749 2062 sint
777 2007 1036 2063 membra.

200 2158 282 2210 26.
299 2155 371 2210 Et
392 2155 434 2212 si
460 2153 588 2225 quid
609 2154 805 2224 patitur
822 2176 989 2210 unum
1012 2153 1312 2211 membrum
1331 2196 1344 2221 ,
1367 2152 1705 2223 compatiun-

129 2251 218 2296 tur
245 2240 424 2296 omnia
447 2240 688 2296 membra
720 2267 732 2297 ε
757 2241 866 2297 sive
893 2241 1148 2314 gloriatur
1168 2263 1336 2298 unum
1357 2240 1660 2298 membrum
1676 2281 1703 2310 ,

128 2330 466 2402 congaudent
486 2329 668 2385 omnia
692 2328 952 2387 membra.

198 2595 282 2645 27.
305 2571 422 2628 Vos
454 2580 632 2627 autem
669 2567 792 2627 estis
815 2587 1009 2640 corpus
1041 2564 1274 2633 Christi,
1298 2575 1350 2621 et
1370 2563 1612 2620 membra
1634 2561 1701 2619 de

129 2661 393 2719 membro.

195 2834 279 2887 28.
314 2822 384 2884 Et
418 2828 679 2900 quosdam
722 2826 939 2899 quidem
964 2823 1141 2898 posuit
1162 2825 1331 2892 {Deus
1363 2819 1423 2880 in
1458 2820 1699 2879 Ecclesia

127 2916 361 2993 primum
395 2917 707 2992 Apostolos,
735 2915 967 2976 secundo
993 2913 1330 2988 Prophetas,
1354 2912 1509 2972 tertio
1533 2911 1699 2970 Duc-
