1760 3210
20 317 34 322 ,Δ
162 247 173 258 ’
229 251 650 312 Ἆωθῐυω,
662 214 1575 319 ffidonssfssjuisteommafflvanguilm

66 328 201 378 ister.
191 325 214 362 ’τ’
217 325 273 390 J
275 321 466 377 Nullus,
477 321 652 389 Nonne
674 341 784 391 ergo
798 325 889 377 hoc
901 343 984 387 suo
1000 326 1445 394 smmptnxflnm
1441 332 1576 384 ,osvii

16 401 1022 489 Wwawvssmssewwdaoam
1024 407 1366 475 senientiam&

20 508 124 575 (Et
142 515 252 563 sane
271 511 475 572 merito.)
507 508 628 574 Quia
651 513 777 562 enim
797 512 1000 568 mundus
1013 531 1092 567 tex
1103 512 1440 581 Deiffiapienffl
1450 520 1565 581 μη
1548 541 1585 558 a·

13 589 177 639 eaturis
191 587 430 649 elucente,
452 605 534 652 per
556 605 682 638 suam
703 587 954 639 humanam
977 592 1245 655 sapientiam
1273 589 1428 643 Deum
1445 611 1543 644 non
1618 617 1620 619 ·

53 665 207 729 novit,
249 664 391 716 multo
431 667 582 715 minus
600 666 890 731 glorificavit3
929 666 1078 728 (ideo
1101 668 1340 733 reprobata
1361 668 1448 719 hac
1468 687 1545 720 sa-

15 741 173 806 entia)
213 744 377 810 placuit
403 742 510 796 Deo
538 763 619 811 per
641 747 1008 812 praedicationem
1037 751 1208 810 crucis,
1239 767 1338 816 quae
1370 751 1544 802 mundo

11 821 150 873 ultitia
170 823 351 875 videtur
364 863 378 888 ,
398 825 546 875 salvos
559 824 706 877 facere
723 825 839 886 (non
853 826 1172 890 disserentes),
1188 830 1271 880 sed
1287 830 1546 881 credentes·

36 927 209 982 Mirum
221 933 331 980 sane
348 925 448 980 Dei
466 932 705 998 placitum!
731 932 920 984 Etenim
941 930 1096 985 ,ludaet
1117 937 1323 1002 prodigia
1346 944 1507 1003 petunt
1528 957 1541 996 ς

20 1008 182 1059 entiles
204 1009 472 1074 sapientiam
495 1017 539 1058 et
556 1009 862 1076 eloquentiam
883 1021 1110 1078 quaerunt.

38 1129 142 1188 Nos
165 1143 316 1187 autem
344 1129 467 1194 (Dei
492 1134 637 1197 jussu)
667 1135 966 1202 praedicamus
989 1135 1223 1189 Christum
1248 1139 1545 1203 crucifixum;

37 1213 71 1276 i,
94 1213 197 1279 quia
218 1211 458 1263 crucifixus
472 1247 486 1273 ,
512 1209 688 1263 Judaeis
709 1212 967 1263 scandalum
990 1222 1086 1274 est;
1115 1213 1374 1267 Gentilibus
1395 1225 1549 1272 autem

13 1289 154 1343 ultitia
176 1285 378 1343 videtur.

39 1392 351 1449 Praedicamus
369 1405 539 1458 tamen,
559 1399 661 1464 quia
676 1398 730 1447 iis
747 1436 762 1460 ‚
780 1400 856 1465 qui
879 1397 1034 1449 divina
1052 1396 1191 1466 gratia
1207 1406 1312 1451 sunt
1331 1399 1388 1449 ad
1401 1390 1544 1470 fidem

39 1477 124 1526 cati
143 1513 155 1539 ,
174 1478 275 1528 sive
287 1472 438 1527 ‚Iudaei
461 1478 581 1540 sint,
607 1477 708 1525 sive
732 1472 958 1540 GentileS‚
985 1480 1038 1531 iis
1054 1515 1069 1543 ,
1093 1479 1282 1547 inquam
1298 1515 1311 1540 ‚
1338 1474 1549 1532 Christus

56 1555 216 1607 cifixus
233 1593 248 1619 ,
275 1554 368 1608 Dei
385 1559 526 1607 virtus
542 1565 608 1606 est
633 1564 678 1608 et
698 1559 936 1624 sapientia.

28 1650 189 1718 «Quod
211 1654 338 1703 enim
361 1652 544 1703 stultum
573 1649 746 1703 Graecis
767 1653 948 1703 videtur
967 1655 1013 1704 in
1039 1650 1146 1704 Deo
1179 1652 1395 1703 cmcifixo
1411 1688 1427 1715 ‚
1452 1651 1552 1703 hoc

22 1752 123 1795 sum
134 1737 263 1786 omni
277 1733 475 1785 human&
493 1735 714 1801 sapientia
736 1743 805 1786 est
821 1738 1068 1803 sapientius
1084 1755 1095 1795 ς
1112 1745 1157 1787 et
1174 1735 1296 1803 quod
1321 1735 1553 1786 infirmum

45 1813 158 1870 daeis
197 1812 378 1864 videtur
407 1816 453 1863 in
473 1810 644 1863 Messia
672 1813 890 1864 crucifixo
907 1851 921 1878 ‚
947 1813 1039 1864 hoc
1066 1818 1191 1865 omni
1220 1811 1421 1882 potentia
1444 1812 1551 1863 for-

43 1907 65 1941 s
93 1897 179 1940 est.

34 1986 161 2039 ἸΗοει
185 1993 235 2040 in
251 1997 402 2040 vestra
423 1991 665 2040 vocatione
686 2000 810 2055 patet
832 2010 844 2040 ε
867 1991 1022 2041 videte
1047 1993 1170 2041 enim
1184 1993 1284 2041 sive
1303 1996 1522 2041 vocantes
1539 2020 1554 2045 ‚

19 2085 78 2120 ve
98 2076 285 2119 vocatos
300 2089 327 2145 ς.
341 2064 462 2118 certe
483 2084 579 2117 non
598 2069 762 2119 multos
778 2072 1016 2135 reperietis
1038 2072 1156 2119 inter
1176 2068 1274 2119 illos
1296 2068 1460 2118 carnali
1476 2085 1558 2118 sa-

27 2143 150 2198 entifi
168 2182 182 2207 ‚
206 2144 412 2212 potentia
439 2154 488 2196 et
503 2146 740 2197 nobilitate
764 2147 994 2212 praeditos·
1031 2155 1034 2157 ’

45 2269 144 2325 sed
170 2289 250 2324 eos
272 2272 407 2339 elegit
425 2270 560 2324 Deus
574 2311 588 2336 ‚
611 2292 725 2340 quos
746 2274 873 2325 velut
899 2273 1043 2325 fatuos
1064 2282 1240 2342 reputat
1261 2274 1457 2325 mundus
1471 2311 1488 2338 ‚
1511 2282 1561 2324 ut

64 2349 210 2399 ientes
235 2347 510 2405 confundam
539 2358 586 2400 et
607 2367 688 2402 eos
710 2345 788 2417 qui
810 2349 969 2401 nullius
989 2353 1034 2402 in
1057 2351 1234 2401 mundo
1257 2359 1362 2402 sunt
1384 2359 1559 2418 poten-

19 2443 77 2492 ε,
96 2436 144 2479 ut
170 2436 381 2495 potentes
402 2430 556 2514 saeculi
581 2429 849 2482 confundat«

31 2550 116 2608 ss'Et
132 2556 376 2622 ignobileS‚
404 2566 448 2608 et
471 2558 731 2624 despectos,
765 2564 810 2608 et
831 2574 911 2623 pro
935 2548 1078 2606 nihilo
1105 2556 1288 2607 habitos
1312 2559 1362 2605 in
1386 2554 1564 2606 mundo

38 2646 118 2695 eus
138 2633 306 2700 elegit,
329 2643 378 2685 ut
400 2650 455 2684 ea
476 2652 578 2701 quae
598 2643 702 2685 sunt
725 2638 774 2684 in
801 2651 968 2700 magno
992 2637 1138 2702 pretio
1163 2633 1415 2685 destrueret
1429 2669 1443 2696 ‚
1464 2634 1567 2682 sci-

20 2717 93 2760 cet
115 2711 292 2763 nobiles
306 2748 322 2776 ,
349 2720 563 2780 potentes
578 2749 592 2775 ‚
612 2714 859 2777 sapientes·

23 2802 259 2875 :Vpflocque
280 2815 453 2871 totum,
489 2817 538 2860 ut
567 2806 720 2857 nullus
750 2806 1004 2858 mortalium
1049 2823 1204 2857 coram
1245 2800 1356 2858 Deo
1378 2807 1425 2856 in
1444 2821 1569 2871 quo-

17 2881 126 2947 tinrn
151 2884 367 2950 glorietur
388 2885 501 2947 (nisi
525 2891 572 2937 in
598 2884 690 2939 Dei
710 2885 892 2951 gratia).
