<?xml version="1.0" encoding="UTF-8"?>
<!DOCTYPE html PUBLIC "-//W3C//DTD XHTML 1.0 Transitional//EN"
    "http://www.w3.org/TR/xhtml1/DTD/xhtml1-transitional.dtd">
<html xmlns="http://www.w3.org/1999/xhtml" xml:lang="en" lang="en">
 <head>
  <title>
</title>
<meta http-equiv="Content-Type" content="text/html;charset=utf-8" />
  <meta name='ocr-system' content='tesseract 3.04.00' />
  <meta name='ocr-capabilities' content='ocr_page ocr_carea ocr_par ocr_line ocrx_word'/>
</head>
<body>
  <div class='ocr_page' id='page_1' title='image "./epistolaumbpauli02picq_0245.png"; bbox 0 0 1760 3210; ppageno 0'>
   <div class='ocr_carea' id='block_1_1' title="bbox 431 51 1626 123">
    <p class='ocr_par' dir='ltr' id='par_1_1' title="bbox 431 51 1626 123">
     <span class='ocr_line' id='line_1_1' title="bbox 431 51 1626 123; baseline 0.005 -16"><span class='ocrx_word' id='word_1_1' title='bbox 431 69 669 117; x_wconf 52' lang='lat' dir='ltr'>ramex«.</span> <span class='ocrx_word' id='word_1_2' title='bbox 688 71 979 107; x_wconf 68' lang='lat' dir='ltr'>exposrrro.</span> <span class='ocrx_word' id='word_1_3' title='bbox 1019 51 1141 123; x_wconf 80' lang='lat' dir='ltr'>Cap·</span> <span class='ocrx_word' id='word_1_4' title='bbox 1169 56 1236 109; x_wconf 88' lang='lat' dir='ltr'>X.</span> <span class='ocrx_word' id='word_1_5' title='bbox 1521 55 1626 114; x_wconf 78' lang='lat'>235</span> 
     </span>
    </p>
   </div>
   <div class='ocr_carea' id='block_1_2' title="bbox 41 151 1689 850">
    <p class='ocr_par' dir='ltr' id='par_1_2' title="bbox 42 151 1625 300">
     <span class='ocr_line' id='line_1_2' title="bbox 45 151 1625 222; baseline 0.003 -17"><span class='ocrx_word' id='word_1_6' title='bbox 45 168 212 214; x_wconf 60' lang='lat' dir='ltr'>omnes</span> <span class='ocrx_word' id='word_1_7' title='bbox 232 160 418 217; x_wconf 81' lang='lat' dir='ltr'>tamen,</span> <span class='ocrx_word' id='word_1_8' title='bbox 445 153 528 204; x_wconf 88' lang='lat' dir='ltr'>sed</span> <span class='ocrx_word' id='word_1_9' title='bbox 545 170 607 204; x_wconf 80' lang='lat' dir='ltr'>ex</span> <span class='ocrx_word' id='word_1_10' title='bbox 626 151 710 203; x_wconf 84' lang='lat' dir='ltr'>iilis</span> <span class='ocrx_word' id='word_1_11' title='bbox 750 151 843 215; x_wconf 83' lang='lat' dir='ltr'>duo</span> <span class='ocrx_word' id='word_1_12' title='bbox 866 155 1042 203; x_wconf 70' lang='lat' dir='ltr'>tantum</span> <span class='ocrx_word' id='word_1_13' title='bbox 1063 155 1112 204; x_wconf 91' lang='lat' dir='ltr'>in</span> <span class='ocrx_word' id='word_1_14' title='bbox 1152 162 1320 205; x_wconf 76' lang='lat' dir='ltr'>terram</span> <span class='ocrx_word' id='word_1_15' title='bbox 1349 157 1625 222; x_wconf 87' lang='lat' dir='ltr'><strong>promissam</strong></span> 
     </span>
     <span class='ocr_line' id='line_1_3' title="bbox 42 231 462 300; baseline -0.002 -15"><span class='ocrx_word' id='word_1_16' title='bbox 42 231 226 285; x_wconf 83' lang='lat' dir='ltr'>fuerunt</span> <span class='ocrx_word' id='word_1_17' title='bbox 253 236 462 300; x_wconf 80' lang='lat' dir='ltr'>ingressi.</span> 
     </span>
    </p>

    <p class='ocr_par' dir='ltr' id='par_1_3' title="bbox 43 307 1622 457">
     <span class='ocr_line' id='line_1_4' title="bbox 117 307 1622 376; baseline 0.003 -13"><span class='ocrx_word' id='word_1_18' title='bbox 117 309 306 374; x_wconf 82' lang='lat' dir='ltr'>Omnes</span> <span class='ocrx_word' id='word_1_19' title='bbox 322 313 484 374; x_wconf 76' lang='lat' dir='ltr'>adniti,</span> <span class='ocrx_word' id='word_1_20' title='bbox 511 312 716 376; x_wconf 84' lang='lat' dir='ltr'>exceptis</span> <span class='ocrx_word' id='word_1_21' title='bbox 733 307 878 361; x_wconf 89' lang='lat' dir='ltr'>Josue</span> <span class='ocrx_word' id='word_1_22' title='bbox 895 318 942 362; x_wconf 84' lang='lat' dir='ltr'>et</span> <span class='ocrx_word' id='word_1_23' title='bbox 969 307 1131 375; x_wconf 88' lang='lat' dir='ltr'>Caleb,</span> <span class='ocrx_word' id='word_1_24' title='bbox 1156 315 1324 363; x_wconf 90' lang='lat' dir='ltr'>mortui</span> <span class='ocrx_word' id='word_1_25' title='bbox 1345 323 1452 366; x_wconf 82' lang='lat' dir='ltr'>sunt</span> <span class='ocrx_word' id='word_1_26' title='bbox 1467 316 1515 367; x_wconf 89' lang='lat' dir='ltr'>in</span> <span class='ocrx_word' id='word_1_27' title='bbox 1534 315 1622 368; x_wconf 86' lang='lat' dir='ltr'>de·</span> 
     </span>
     <span class='ocr_line' id='line_1_5' title="bbox 43 387 782 457; baseline -0.003 -15"><span class='ocrx_word' id='word_1_28' title='bbox 43 399 185 442; x_wconf 80' lang='lat' dir='ltr'>serto,</span> <span class='ocrx_word' id='word_1_29' title='bbox 210 389 319 440; x_wconf 87' lang='lat' dir='ltr'>Hoc</span> <span class='ocrx_word' id='word_1_30' title='bbox 334 393 484 457; x_wconf 84' lang='lat' dir='ltr'>paucis</span> <span class='ocrx_word' id='word_1_31' title='bbox 511 387 782 455; x_wconf 79' lang='lat' dir='ltr'>Apostolus·</span> 
     </span>
    </p>

    <p class='ocr_par' dir='ltr' id='par_1_4' title="bbox 45 468 1625 612">
     <span class='ocr_line' id='line_1_6' title="bbox 86 468 1625 537; baseline 0.003 -18"><span class='ocrx_word' id='word_1_32' title='bbox 86 529 92 532; x_wconf 13' lang='grc' dir='ltr'><strong>ν</strong></span> <span class='ocrx_word' id='word_1_33' title='bbox 116 471 178 519; x_wconf 83' lang='lat' dir='ltr'>In</span> <span class='ocrx_word' id='word_1_34' title='bbox 199 471 424 533; x_wconf 80' lang='lat' dir='ltr'>pluribus.</span> <span class='ocrx_word' id='word_1_35' title='bbox 450 468 506 520; x_wconf 83' lang='lat' dir='ltr'>ld</span> <span class='ocrx_word' id='word_1_36' title='bbox 529 477 622 530; x_wconf 73' lang='lat' dir='ltr'>est,</span> <span class='ocrx_word' id='word_1_37' title='bbox 658 468 1015 533; x_wconf 84' lang='lat' dir='ltr'>quamplurimis,</span> <span class='ocrx_word' id='word_1_38' title='bbox 1039 468 1266 537; x_wconf 88' lang='lat' dir='ltr'>plerisque</span> <span class='ocrx_word' id='word_1_39' title='bbox 1290 488 1391 525; x_wconf 86' lang='lat' dir='ltr'>non</span> <span class='ocrx_word' id='word_1_40' title='bbox 1429 481 1502 524; x_wconf 84' lang='lat' dir='ltr'>est</span> <span class='ocrx_word' id='word_1_41' title='bbox 1524 474 1625 527; x_wconf 84' lang='lat' dir='ltr'>be-</span> 
     </span>
     <span class='ocr_line' id='line_1_7' title="bbox 45 538 880 612; baseline -0.006 -15"><span class='ocrx_word' id='word_1_42' title='bbox 45 545 323 612; x_wconf 80' lang='lat' dir='ltr'>neplacitum</span> <span class='ocrx_word' id='word_1_43' title='bbox 354 544 479 596; x_wconf 81' lang='lat' dir='ltr'>Deo,</span> <span class='ocrx_word' id='word_1_44' title='bbox 501 543 586 596; x_wconf 87' lang='lat' dir='ltr'>Gr.</span> <span class='ocrx_word' id='word_1_45' title='bbox 615 538 880 596; x_wconf 60' lang='grc' dir='ltr'><em>εὗδ’*ὂκηο-εν.</em></span> 
     </span>
    </p>

    <p class='ocr_par' dir='ltr' id='par_1_5' title="bbox 41 625 1689 850">
     <span class='ocr_line' id='line_1_8' title="bbox 111 625 1689 694; baseline 0.004 -17"><span class='ocrx_word' id='word_1_46' title='bbox 111 625 365 694; x_wconf 70' lang='lat' dir='ltr'>Plerosque</span> <span class='ocrx_word' id='word_1_47' title='bbox 387 644 542 677; x_wconf 89' lang='lat' dir='ltr'>eorum</span> <span class='ocrx_word' id='word_1_48' title='bbox 569 625 697 676; x_wconf 88' lang='lat' dir='ltr'>Deus</span> <span class='ocrx_word' id='word_1_49' title='bbox 718 645 814 677; x_wconf 87' lang='lat' dir='ltr'>non</span> <span class='ocrx_word' id='word_1_50' title='bbox 843 628 1138 694; x_wconf 81' lang='lat' dir='ltr'>approbavit,</span> <span class='ocrx_word' id='word_1_51' title='bbox 1155 637 1306 693; x_wconf 83' lang='lat' dir='ltr'>gratos</span> <span class='ocrx_word' id='word_1_52' title='bbox 1324 647 1420 679; x_wconf 92' lang='lat' dir='ltr'>non</span> <span class='ocrx_word' id='word_1_53' title='bbox 1438 630 1620 694; x_wconf 80' lang='lat' dir='ltr'>habuit,</span> <span class='ocrx_word' id='word_1_54' title='bbox 1683 659 1689 662; x_wconf 13' lang='grc' dir='ltr'>κ</span> 
     </span>
     <span class='ocr_line' id='line_1_9' title="bbox 41 702 1614 770; baseline 0.003 -16"><span class='ocrx_word' id='word_1_55' title='bbox 41 703 214 754; x_wconf 80' lang='lat' dir='ltr'>scilicet</span> <span class='ocrx_word' id='word_1_56' title='bbox 260 704 321 753; x_wconf 91' lang='lat' dir='ltr'>ob</span> <span class='ocrx_word' id='word_1_57' title='bbox 343 702 654 752; x_wconf 76' lang='lat' dir='ltr'>‘idololatriam</span> <span class='ocrx_word' id='word_1_58' title='bbox 681 739 694 763; x_wconf 85' lang='lat'><strong>‚</strong></span> <span class='ocrx_word' id='word_1_59' title='bbox 742 706 1159 768; x_wconf 79' lang='lat' dir='ltr'>murmurationes,</span> <span class='ocrx_word' id='word_1_60' title='bbox 1198 713 1246 754; x_wconf 87' lang='lat' dir='ltr'>et</span> <span class='ocrx_word' id='word_1_61' title='bbox 1283 706 1367 756; x_wconf 79' lang='lat' dir='ltr'>alia</span> <span class='ocrx_word' id='word_1_62' title='bbox 1403 707 1614 770; x_wconf 80' lang='lat' dir='ltr'>scelera,</span> 
     </span>
     <span class='ocr_line' id='line_1_10' title="bbox 41 781 1105 850; baseline -0.003 -17"><span class='ocrx_word' id='word_1_63' title='bbox 41 790 353 850; x_wconf 70' lang='lat' dir='ltr'>propter‘quae</span> <span class='ocrx_word' id='word_1_64' title='bbox 379 783 526 847; x_wconf 89' lang='lat' dir='ltr'>puniti</span> <span class='ocrx_word' id='word_1_65' title='bbox 545 789 809 831; x_wconf 85' lang='lat' dir='ltr'>corruerunt</span> <span class='ocrx_word' id='word_1_66' title='bbox 835 784 884 831; x_wconf 90' lang='lat' dir='ltr'>in</span> <span class='ocrx_word' id='word_1_67' title='bbox 907 781 1105 831; x_wconf 80' lang='lat' dir='ltr'>deserto.</span> 
     </span>
    </p>
   </div>
   <div class='ocr_carea' id='block_1_3' title="bbox 527 919 1144 956">
    <p class='ocr_par' dir='ltr' id='par_1_6' title="bbox 527 919 1144 956">
     <span class='ocr_line' id='line_1_11' title="bbox 527 919 1144 956; baseline 0.003 -2"><span class='ocrx_word' id='word_1_68' title='bbox 527 920 854 956; x_wconf 70' lang='lat' dir='ltr'>OBSERVATlo</span> <span class='ocrx_word' id='word_1_69' title='bbox 890 920 966 955; x_wconf 81' lang='grc' dir='ltr'>ΜΟ</span> <span class='ocrx_word' id='word_1_70' title='bbox 975 919 1144 956; x_wconf 72' lang='lat' dir='ltr'>RALIS.</span> 
     </span>
    </p>
   </div>
   <div class='ocr_carea' id='block_1_4' title="bbox 113 1032 1626 1114">
    <p class='ocr_par' dir='ltr' id='par_1_7' title="bbox 113 1032 1626 1114">
     <span class='ocr_line' id='line_1_12' title="bbox 113 1032 1626 1114; baseline 0.001 -26"><span class='ocrx_word' id='word_1_71' title='bbox 113 1036 232 1114; x_wconf 76' lang='lat' dir='ltr'>Quis</span> <span class='ocrx_word' id='word_1_72' title='bbox 253 1038 354 1088; x_wconf 85' lang='lat' dir='ltr'>haec</span> <span class='ocrx_word' id='word_1_73' title='bbox 374 1046 438 1088; x_wconf 72' lang='lat' dir='ltr'>att</span> <span class='ocrx_word' id='word_1_74' title='bbox 442 1043 548 1088; x_wconf 66' lang='lat' dir='ltr'>ente</span> <span class='ocrx_word' id='word_1_75' title='bbox 581 1038 760 1102; x_wconf 76' lang='lat' dir='ltr'>legens,</span> <span class='ocrx_word' id='word_1_76' title='bbox 803 1039 862 1089; x_wconf 87' lang='lat' dir='ltr'>de</span> <span class='ocrx_word' id='word_1_77' title='bbox 883 1056 933 1088; x_wconf 90' lang='lat' dir='ltr'>se</span> <span class='ocrx_word' id='word_1_78' title='bbox 958 1032 1232 1104; x_wconf 58' lang='lat' dir='ltr'>praesumat?</span> <span class='ocrx_word' id='word_1_79' title='bbox 1255 1041 1355 1105; x_wconf 88' lang='lat' dir='ltr'>quis</span> <span class='ocrx_word' id='word_1_80' title='bbox 1400 1044 1428 1092; x_wconf 80' lang='grc' dir='ltr'>ὲ</span> <span class='ocrx_word' id='word_1_81' title='bbox 1460 1048 1626 1092; x_wconf 82' lang='lat' dir='ltr'>contra</span> 
     </span>
    </p>
   </div>
   <div class='ocr_carea' id='block_1_5' title="bbox 42 1115 1627 1261">
    <p class='ocr_par' dir='ltr' id='par_1_8' title="bbox 42 1115 1627 1261">
     <span class='ocr_line' id='line_1_13' title="bbox 42 1115 1627 1184; baseline 0.001 -14"><span class='ocrx_word' id='word_1_82' title='bbox 42 1134 140 1171; x_wconf 89' lang='lat' dir='ltr'>non</span> <span class='ocrx_word' id='word_1_83' title='bbox 157 1116 513 1167; x_wconf 72' lang='lat' dir='ltr'>contremiscat?</span> <span class='ocrx_word' id='word_1_84' title='bbox 537 1125 584 1166; x_wconf 89' lang='lat' dir='ltr'>et</span> <span class='ocrx_word' id='word_1_85' title='bbox 624 1121 681 1167; x_wconf 76' lang='grc' dir='ltr'>εὸ</span> <span class='ocrx_word' id='word_1_86' title='bbox 719 1120 881 1182; x_wconf 75' lang='lat' dir='ltr'>magi8‚</span> <span class='ocrx_word' id='word_1_87' title='bbox 911 1124 1002 1184; x_wconf 72' lang='lat' dir='ltr'>qub</span> <span class='ocrx_word' id='word_1_88' title='bbox 1031 1115 1243 1168; x_wconf 86' lang='lat' dir='ltr'>Judaicae</span> <span class='ocrx_word' id='word_1_89' title='bbox 1286 1120 1627 1184; x_wconf 75' lang='lat' dir='ltr'>ingratitudinis</span> 
     </span>
     <span class='ocr_line' id='line_1_14' title="bbox 42 1182 1292 1261; baseline -0.002 -15.998"><span class='ocrx_word' id='word_1_90' title='bbox 42 1182 431 1261; x_wconf 83' lang='lat' dir='ltr'>compiementum</span> <span class='ocrx_word' id='word_1_91' title='bbox 458 1201 641 1259; x_wconf 87' lang='lat' dir='ltr'>apparet</span> <span class='ocrx_word' id='word_1_92' title='bbox 667 1195 925 1259; x_wconf 70' lang='lat' dir='ltr'>expressiiis</span> <span class='ocrx_word' id='word_1_93' title='bbox 941 1195 987 1242; x_wconf 88' lang='lat' dir='ltr'>in</span> <span class='ocrx_word' id='word_1_94' title='bbox 1009 1190 1292 1244; x_wconf 88' lang='lat' dir='ltr'>Christianis.</span> 
     </span>
    </p>
   </div>
   <div class='ocr_carea' id='block_1_6' title="bbox 18 1283 1643 2373">
    <p class='ocr_par' dir='ltr' id='par_1_9' title="bbox 42 1283 1643 1588">
     <span class='ocr_line' id='line_1_15' title="bbox 118 1283 1643 1352; baseline 0.001 -18"><span class='ocrx_word' id='word_1_95' title='bbox 118 1285 294 1335; x_wconf 84' lang='lat' dir='ltr'><strong><em>Omnes</em></strong></span> <span class='ocrx_word' id='word_1_96' title='bbox 324 1285 556 1350; x_wconf 77' lang='lat' dir='ltr'>baptizati</span> <span class='ocrx_word' id='word_1_97' title='bbox 585 1284 800 1350; x_wconf 88' lang='lat' dir='ltr'>quidem;</span> <span class='ocrx_word' id='word_1_98' title='bbox 844 1284 928 1333; x_wconf 86' lang='lat' dir='ltr'>sed</span> <span class='ocrx_word' id='word_1_99' title='bbox 951 1283 1068 1334; x_wconf 85' lang='lat' dir='ltr'>heu!</span> <span class='ocrx_word' id='word_1_100' title='bbox 1100 1289 1236 1349; x_wconf 72' lang='lat' dir='ltr'>quam</span> <span class='ocrx_word' id='word_1_101' title='bbox 1283 1288 1438 1349; x_wconf 82' lang='lat' dir='ltr'>pauci,</span> <span class='ocrx_word' id='word_1_102' title='bbox 1483 1289 1643 1352; x_wconf 63' lang='lat' dir='ltr'>quam&gt;</span> 
     </span>
     <span class='ocr_line' id='line_1_16' title="bbox 42 1358 1624 1431; baseline 0 -17"><span class='ocrx_word' id='word_1_103' title='bbox 42 1367 303 1431; x_wconf 88' lang='lat' dir='ltr'>paucissimi</span> <span class='ocrx_word' id='word_1_104' title='bbox 343 1368 452 1425; x_wconf 71' lang='lat' dir='ltr'>vere</span> <span class='ocrx_word' id='word_1_105' title='bbox 494 1361 739 1414; x_wconf 73' lang='lat' dir='ltr'>Christiani</span> <span class='ocrx_word' id='word_1_106' title='bbox 762 1364 772 1412; x_wconf 74' lang='grc' dir='ltr'>ἱ</span> <span class='ocrx_word' id='word_1_107' title='bbox 819 1367 931 1412; x_wconf 71' lang='lat' dir='ltr'>vere</span> <span class='ocrx_word' id='word_1_108' title='bbox 969 1358 1154 1412; x_wconf 87' lang='lat' dir='ltr'>Christo</span> <span class='ocrx_word' id='word_1_109' title='bbox 1207 1363 1471 1425; x_wconf 88' lang='lat' dir='ltr'>credentes,</span> <span class='ocrx_word' id='word_1_110' title='bbox 1511 1367 1624 1415; x_wconf 67' lang='lat' dir='ltr'>vere</span> 
     </span>
     <span class='ocr_line' id='line_1_17' title="bbox 46 1435 1620 1504; baseline -0.001 -13"><span class='ocrx_word' id='word_1_111' title='bbox 46 1437 279 1492; x_wconf 86' lang='lat' dir='ltr'>Christum</span> <span class='ocrx_word' id='word_1_112' title='bbox 302 1442 548 1498; x_wconf 85' lang='lat' dir='ltr'>imitantes,</span> <span class='ocrx_word' id='word_1_113' title='bbox 580 1444 689 1489; x_wconf 74' lang='lat' dir='ltr'>vere</span> <span class='ocrx_word' id='word_1_114' title='bbox 711 1438 1010 1502; x_wconf 81' lang='lat' dir='ltr'>adimplentes</span> <span class='ocrx_word' id='word_1_115' title='bbox 1035 1456 1136 1504; x_wconf 81' lang='lat' dir='ltr'>quae</span> <span class='ocrx_word' id='word_1_116' title='bbox 1167 1435 1273 1504; x_wconf 84' lang='lat' dir='ltr'>Deo</span> <span class='ocrx_word' id='word_1_117' title='bbox 1290 1476 1303 1501; x_wconf 86' lang='lat'>‚</span> <span class='ocrx_word' id='word_1_118' title='bbox 1343 1455 1497 1489; x_wconf 89' lang='lat' dir='ltr'>coram</span> <span class='ocrx_word' id='word_1_119' title='bbox 1525 1456 1620 1489; x_wconf 89' lang='lat' dir='ltr'>an·-</span> 
     </span>
     <span class='ocr_line' id='line_1_18' title="bbox 43 1515 874 1588; baseline -0.007 -21"><span class='ocrx_word' id='word_1_120' title='bbox 43 1518 173 1582; x_wconf 69' lang='lat' dir='ltr'>geiis,</span> <span class='ocrx_word' id='word_1_121' title='bbox 199 1522 245 1568; x_wconf 87' lang='lat' dir='ltr'>in</span> <span class='ocrx_word' id='word_1_122' title='bbox 269 1515 509 1588; x_wconf 65' lang='lat' dir='ltr'>ssaptismo</span> <span class='ocrx_word' id='word_1_123' title='bbox 537 1517 874 1583; x_wconf 83' lang='lat' dir='ltr'>promiserunt!</span> 
     </span>
    </p>

    <p class='ocr_par' dir='ltr' id='par_1_10' title="bbox 40 1602 1627 1825">
     <span class='ocr_line' id='line_1_19' title="bbox 116 1602 1627 1673; baseline 0.001 -17"><span class='ocrx_word' id='word_1_124' title='bbox 116 1608 291 1657; x_wconf 82' lang='lat' dir='ltr'>Omnes</span> <span class='ocrx_word' id='word_1_125' title='bbox 310 1609 393 1657; x_wconf 80' lang='lat' dir='ltr'>sub</span> <span class='ocrx_word' id='word_1_126' title='bbox 418 1610 591 1656; x_wconf 83' lang='lat' dir='ltr'>nube...</span> <span class='ocrx_word' id='word_1_127' title='bbox 612 1604 830 1672; x_wconf 85' lang='lat' dir='ltr'>Spiritum</span> <span class='ocrx_word' id='word_1_128' title='bbox 849 1615 1056 1655; x_wconf 85' lang='lat' dir='ltr'>sanctum</span> <span class='ocrx_word' id='word_1_129' title='bbox 1074 1642 1088 1667; x_wconf 89' lang='lat'>‚</span> <span class='ocrx_word' id='word_1_130' title='bbox 1108 1608 1295 1670; x_wconf 78' lang='lat' dir='ltr'>gratiam</span> <span class='ocrx_word' id='word_1_131' title='bbox 1318 1608 1364 1655; x_wconf 90' lang='lat' dir='ltr'>in</span> <span class='ocrx_word' id='word_1_132' title='bbox 1380 1602 1627 1673; x_wconf 85' lang='lat' dir='ltr'>Baptismo</span> 
     </span>
     <span class='ocr_line' id='line_1_20' title="bbox 40 1683 1626 1750; baseline 0.001 -16"><span class='ocrx_word' id='word_1_133' title='bbox 40 1693 343 1750; x_wconf 78' lang='lat' dir='ltr'>receperunt:</span> <span class='ocrx_word' id='word_1_134' title='bbox 366 1685 448 1734; x_wconf 89' lang='lat' dir='ltr'>sed</span> <span class='ocrx_word' id='word_1_135' title='bbox 462 1688 560 1750; x_wconf 87' lang='lat' dir='ltr'>quis</span> <span class='ocrx_word' id='word_1_136' title='bbox 581 1683 926 1750; x_wconf 84' lang='lat' dir='ltr'>servavit?quis</span> <span class='ocrx_word' id='word_1_137' title='bbox 947 1683 1231 1733; x_wconf 86' lang='lat' dir='ltr'>illiuslurnen</span> <span class='ocrx_word' id='word_1_138' title='bbox 1261 1685 1500 1750; x_wconf 82' lang='lat' dir='ltr'>sequitur?</span> <span class='ocrx_word' id='word_1_139' title='bbox 1517 1687 1626 1749; x_wconf 83' lang='lat' dir='ltr'>quis</span> 
     </span>
     <span class='ocr_line' id='line_1_21' title="bbox 43 1760 1621 1825; baseline -0.001 -13"><span class='ocrx_word' id='word_1_140' title='bbox 43 1762 139 1823; x_wconf 85' lang='lat' dir='ltr'>ejus</span> <span class='ocrx_word' id='word_1_141' title='bbox 177 1763 368 1811; x_wconf 88' lang='lat' dir='ltr'>motioni</span> <span class='ocrx_word' id='word_1_142' title='bbox 410 1760 731 1825; x_wconf 75' lang='lat' dir='ltr'>obtemperat?</span> <span class='ocrx_word' id='word_1_143' title='bbox 774 1762 873 1824; x_wconf 88' lang='lat' dir='ltr'>quis</span> <span class='ocrx_word' id='word_1_144' title='bbox 908 1760 1171 1821; x_wconf 82' lang='lat' dir='ltr'>ejusauxitio</span> <span class='ocrx_word' id='word_1_145' title='bbox 1212 1768 1256 1810; x_wconf 84' lang='lat' dir='ltr'>et</span> <span class='ocrx_word' id='word_1_146' title='bbox 1294 1761 1621 1812; x_wconf 66' lang='lat' dir='ltr'>sustentacuio‘</span> 
     </span>
    </p>

    <p class='ocr_par' dir='ltr' id='par_1_11' title="bbox 18 1838 1619 1964">
     <span class='ocr_line' id='line_1_22' title="bbox 18 1838 1619 1905; baseline 0.001 -16"><span class='ocrx_word' id='word_1_147' title='bbox 18 1838 208 1902; x_wconf 62' lang='lat' dir='ltr'>fietus,</span> <span class='ocrx_word' id='word_1_148' title='bbox 221 1839 418 1889; x_wconf 75' lang='lat' dir='ltr'>ambulat</span> <span class='ocrx_word' id='word_1_149' title='bbox 443 1842 490 1888; x_wconf 90' lang='lat' dir='ltr'>in</span> <span class='ocrx_word' id='word_1_150' title='bbox 526 1838 770 1897; x_wconf 74' lang='lat' dir='ltr'>charitate,</span> <span class='ocrx_word' id='word_1_151' title='bbox 803 1839 858 1887; x_wconf 82' lang='lat' dir='ltr'>de</span> <span class='ocrx_word' id='word_1_152' title='bbox 870 1842 1044 1890; x_wconf 70' lang='lat' dir='ltr'>virtute</span> <span class='ocrx_word' id='word_1_153' title='bbox 1071 1839 1119 1887; x_wconf 83' lang='lat' dir='ltr'>in</span> <span class='ocrx_word' id='word_1_154' title='bbox 1142 1841 1361 1888; x_wconf 77' lang='lat' dir='ltr'>virtutem</span> <span class='ocrx_word' id='word_1_155' title='bbox 1385 1858 1524 1905; x_wconf 73' lang='lat' dir='ltr'>usque</span> <span class='ocrx_word' id='word_1_156' title='bbox 1541 1841 1619 1891; x_wconf 80' lang='lat' dir='ltr'>ad</span> 
     </span>
     <span class='ocr_line' id='line_1_23' title="bbox 41 1915 410 1964; baseline 0 -1"><span class='ocrx_word' id='word_1_157' title='bbox 41 1923 246 1963; x_wconf 77' lang='lat' dir='ltr'>montem</span> <span class='ocrx_word' id='word_1_158' title='bbox 279 1915 410 1964; x_wconf 72' lang='lat' dir='ltr'>Dei?</span> 
     </span>
    </p>

    <p class='ocr_par' dir='ltr' id='par_1_12' title="bbox 38 1987 1625 2118">
     <span class='ocr_line' id='line_1_24' title="bbox 112 1987 1625 2059; baseline 0.004 -19"><span class='ocrx_word' id='word_1_159' title='bbox 112 1987 298 2040; x_wconf 85' lang='lat' dir='ltr'>Omnes</span> <span class='ocrx_word' id='word_1_160' title='bbox 315 2007 484 2055; x_wconf 86' lang='lat' dir='ltr'>panem</span> <span class='ocrx_word' id='word_1_161' title='bbox 518 1990 627 2038; x_wconf 76' lang='lat' dir='ltr'>vitae</span> <span class='ocrx_word' id='word_1_162' title='bbox 650 1990 926 2040; x_wconf 82' lang='lat' dir='ltr'>comedunt:</span> <span class='ocrx_word' id='word_1_163' title='bbox 955 1991 1037 2042; x_wconf 88' lang='lat' dir='ltr'>sed</span> <span class='ocrx_word' id='word_1_164' title='bbox 1062 1994 1198 2057; x_wconf 75' lang='lat' dir='ltr'>quam</span> <span class='ocrx_word' id='word_1_165' title='bbox 1222 1991 1350 2041; x_wconf 70' lang='lat' dir='ltr'>multi</span> <span class='ocrx_word' id='word_1_166' title='bbox 1386 1993 1578 2059; x_wconf 72' lang='lat' dir='ltr'>indigne</span> <span class='ocrx_word' id='word_1_167' title='bbox 1604 1997 1625 2049; x_wconf 66' lang='grc' dir='ltr'>ἰ</span> 
     </span>
     <span class='ocr_line' id='line_1_25' title="bbox 38 2064 698 2118; baseline -0.006 0"><span class='ocrx_word' id='word_1_168' title='bbox 38 2064 150 2118; x_wconf 83' lang='lat' dir='ltr'>hine</span> <span class='ocrx_word' id='word_1_169' title='bbox 172 2074 238 2115; x_wconf 84' lang='lat' dir='ltr'>tot</span> <span class='ocrx_word' id='word_1_170' title='bbox 265 2067 430 2116; x_wconf 83' lang='lat' dir='ltr'>infirmi</span> <span class='ocrx_word' id='word_1_171' title='bbox 449 2073 496 2115; x_wconf 88' lang='lat' dir='ltr'>et·</span> <span class='ocrx_word' id='word_1_172' title='bbox 517 2068 698 2114; x_wconf 83' lang='lat' dir='ltr'>mortui.</span> 
     </span>
    </p>

    <p class='ocr_par' dir='ltr' id='par_1_13' title="bbox 41 2138 1627 2373">
     <span class='ocr_line' id='line_1_26' title="bbox 112 2138 1613 2215; baseline 0.003 -16"><span class='ocrx_word' id='word_1_173' title='bbox 112 2145 295 2200; x_wconf 88' lang='lat' dir='ltr'>Omnes</span> <span class='ocrx_word' id='word_1_174' title='bbox 316 2149 374 2198; x_wconf 90' lang='lat' dir='ltr'>de</span> <span class='ocrx_word' id='word_1_175' title='bbox 391 2147 592 2198; x_wconf 78' lang='lat' dir='ltr'>sontibus</span> <span class='ocrx_word' id='word_1_176' title='bbox 632 2147 875 2198; x_wconf 80' lang='lat' dir='ltr'>Salvatoris</span> <span class='ocrx_word' id='word_1_177' title='bbox 907 2138 1118 2199; x_wconf 77' lang='lat' dir='ltr'>hauriunt</span> <span class='ocrx_word' id='word_1_178' title='bbox 1141 2168 1305 2215; x_wconf 83' lang='lat' dir='ltr'>aquas;</span> <span class='ocrx_word' id='word_1_179' title='bbox 1329 2150 1412 2200; x_wconf 81' lang='lat' dir='ltr'>alia</span> <span class='ocrx_word' id='word_1_180' title='bbox 1445 2150 1613 2204; x_wconf 84' lang='lat' dir='ltr'>Sacra·</span> 
     </span>
     <span class='ocr_line' id='line_1_27' title="bbox 41 2226 1627 2294; baseline 0.002 -15"><span class='ocrx_word' id='word_1_181' title='bbox 41 2238 199 2280; x_wconf 81' lang='lat' dir='ltr'>menta</span> <span class='ocrx_word' id='word_1_182' title='bbox 222 2229 476 2294; x_wconf 79' lang='lat' dir='ltr'>percipiunt</span> <span class='ocrx_word' id='word_1_183' title='bbox 496 2263 507 2285; x_wconf 83' lang='grc'><em>,</em></span> <span class='ocrx_word' id='word_1_184' title='bbox 531 2228 613 2277; x_wconf 84' lang='lat' dir='ltr'>sed</span> <span class='ocrx_word' id='word_1_185' title='bbox 634 2245 727 2275; x_wconf 85' lang='lat' dir='ltr'>non</span> <span class='ocrx_word' id='word_1_186' title='bbox 742 2227 829 2291; x_wconf 67' lang='lat' dir='ltr'>qua</span> <span class='ocrx_word' id='word_1_187' title='bbox 853 2244 929 2290; x_wconf 83' lang='lat' dir='ltr'>par</span> <span class='ocrx_word' id='word_1_188' title='bbox 951 2235 1018 2275; x_wconf 87' lang='lat' dir='ltr'>est</span> <span class='ocrx_word' id='word_1_189' title='bbox 1041 2226 1322 2277; x_wconf 82' lang='lat' dir='ltr'>devotione:</span> <span class='ocrx_word' id='word_1_190' title='bbox 1346 2227 1457 2279; x_wconf 75' lang='lat' dir='ltr'>blne</span> <span class='ocrx_word' id='word_1_191' title='bbox 1480 2248 1627 2281; x_wconf 73' lang='lat' dir='ltr'>mor·</span> 
     </span>
     <span class='ocr_line' id='line_1_28' title="bbox 41 2303 1326 2373; baseline 0 -18"><span class='ocrx_word' id='word_1_192' title='bbox 41 2313 141 2356; x_wconf 77' lang='lat' dir='ltr'>tem</span> <span class='ocrx_word' id='word_1_193' title='bbox 161 2305 372 2355; x_wconf 82' lang='lat' dir='ltr'>hauriunt</span> <span class='ocrx_word' id='word_1_194' title='bbox 396 2323 516 2370; x_wconf 83' lang='lat' dir='ltr'>saepe</span> <span class='ocrx_word' id='word_1_195' title='bbox 536 2342 550 2373; x_wconf 68' lang='lat'>,</span> <span class='ocrx_word' id='word_1_196' title='bbox 575 2304 698 2354; x_wconf 86' lang='lat' dir='ltr'>unde</span> <span class='ocrx_word' id='word_1_197' title='bbox 723 2309 864 2352; x_wconf 82' lang='lat' dir='ltr'>vitam</span> <span class='ocrx_word' id='word_1_198' title='bbox 884 2303 1063 2353; x_wconf 81' lang='lat' dir='ltr'>haurire</span> <span class='ocrx_word' id='word_1_199' title='bbox 1085 2304 1326 2355; x_wconf 82' lang='lat' dir='ltr'>deberent.</span> 
     </span>
    </p>
   </div>
   <div class='ocr_carea' id='block_1_7' title="bbox 40 2388 1637 2960">
    <p class='ocr_par' dir='ltr' id='par_1_14' title="bbox 112 2388 829 2459">
     <span class='ocr_line' id='line_1_29' title="bbox 112 2388 829 2459; baseline -0.003 -15"><span class='ocrx_word' id='word_1_200' title='bbox 112 2388 238 2444; x_wconf 85' lang='lat' dir='ltr'>Inde</span> <span class='ocrx_word' id='word_1_201' title='bbox 255 2393 364 2459; x_wconf 87' lang='lat' dir='ltr'>quid</span> <span class='ocrx_word' id='word_1_202' title='bbox 380 2395 515 2441; x_wconf 89' lang='lat' dir='ltr'>nobis</span> <span class='ocrx_word' id='word_1_203' title='bbox 540 2391 829 2442; x_wconf 77' lang='lat' dir='ltr'>timendum?</span> 
     </span>
    </p>

    <p class='ocr_par' dir='ltr' id='par_1_15' title="bbox 43 2473 1618 2630">
     <span class='ocr_line' id='line_1_30' title="bbox 113 2473 1618 2544; baseline -0.003 -12"><span class='ocrx_word' id='word_1_204' title='bbox 113 2479 195 2532; x_wconf 86' lang='lat' dir='ltr'>Ne</span> <span class='ocrx_word' id='word_1_205' title='bbox 217 2482 350 2530; x_wconf 86' lang='lat' dir='ltr'>vobis</span> <span class='ocrx_word' id='word_1_206' title='bbox 372 2482 553 2529; x_wconf 83' lang='lat' dir='ltr'>eveniat</span> <span class='ocrx_word' id='word_1_207' title='bbox 571 2480 695 2544; x_wconf 81' lang='lat' dir='ltr'>quod</span> <span class='ocrx_word' id='word_1_208' title='bbox 718 2482 906 2543; x_wconf 77' lang='lat' dir='ltr'>contigit</span> <span class='ocrx_word' id='word_1_209' title='bbox 928 2473 1137 2535; x_wconf 80' lang='lat' dir='ltr'>Judaeis;</span> <span class='ocrx_word' id='word_1_210' title='bbox 1163 2493 1223 2528; x_wconf 87' lang='lat' dir='ltr'>ex</span> <span class='ocrx_word' id='word_1_211' title='bbox 1246 2477 1422 2526; x_wconf 84' lang='lat' dir='ltr'>intinita</span> <span class='ocrx_word' id='word_1_212' title='bbox 1448 2476 1618 2527; x_wconf 85' lang='lat' dir='ltr'>multi-</span> 
     </span>
     <span class='ocr_line' id='line_1_31' title="bbox 43 2562 1399 2630; baseline -0.004 -16"><span class='ocrx_word' id='word_1_213' title='bbox 43 2564 203 2630; x_wconf 80' lang='lat' dir='ltr'>tudine</span> <span class='ocrx_word' id='word_1_214' title='bbox 219 2600 231 2623; x_wconf 87' lang='lat'>‚</span> <span class='ocrx_word' id='word_1_215' title='bbox 261 2562 354 2612; x_wconf 90' lang='lat' dir='ltr'>duo</span> <span class='ocrx_word' id='word_1_216' title='bbox 377 2565 549 2612; x_wconf 74' lang='lat' dir='ltr'>tantinn</span> <span class='ocrx_word' id='word_1_217' title='bbox 574 2564 842 2626; x_wconf 82' lang='lat' dir='ltr'>promissam</span> <span class='ocrx_word' id='word_1_218' title='bbox 870 2569 1033 2610; x_wconf 83' lang='lat' dir='ltr'>terram</span> <span class='ocrx_word' id='word_1_219' title='bbox 1063 2562 1254 2624; x_wconf 79' lang='lat' dir='ltr'>ingressi</span> <span class='ocrx_word' id='word_1_220' title='bbox 1278 2567 1399 2609; x_wconf 86' lang='lat' dir='ltr'>sunt.</span> 
     </span>
    </p>

    <p class='ocr_par' dir='ltr' id='par_1_16' title="bbox 40 2643 1626 2793">
     <span class='ocr_line' id='line_1_32' title="bbox 119 2643 1626 2712; baseline -0.001 -16"><span class='ocrx_word' id='word_1_221' title='bbox 119 2645 196 2697; x_wconf 88' lang='lat' dir='ltr'>Ne</span> <span class='ocrx_word' id='word_1_222' title='bbox 219 2647 277 2695; x_wconf 90' lang='lat' dir='ltr'>de</span> <span class='ocrx_word' id='word_1_223' title='bbox 295 2648 430 2696; x_wconf 86' lang='lat' dir='ltr'>nobis</span> <span class='ocrx_word' id='word_1_224' title='bbox 464 2645 539 2694; x_wconf 77' lang='lat' dir='ltr'>fiat</span> <span class='ocrx_word' id='word_1_225' title='bbox 572 2646 696 2712; x_wconf 85' lang='lat' dir='ltr'>quod</span> <span class='ocrx_word' id='word_1_226' title='bbox 729 2646 942 2711; x_wconf 86' lang='lat' dir='ltr'>praedixit</span> <span class='ocrx_word' id='word_1_227' title='bbox 967 2643 1175 2695; x_wconf 88' lang='lat' dir='ltr'>Christus</span> <span class='ocrx_word' id='word_1_228' title='bbox 1204 2664 1215 2693; x_wconf 78' lang='lat' dir='ltr'>z</span> <span class='ocrx_word' id='word_1_229' title='bbox 1245 2645 1395 2693; x_wconf 71' lang='lat' dir='ltr'>Multi</span> <span class='ocrx_word' id='word_1_230' title='bbox 1420 2646 1626 2706; x_wconf 73' lang='lat' dir='ltr'>vocati,</span> 
     </span>
     <span class='ocr_line' id='line_1_33' title="bbox 40 2727 1400 2793; baseline 0.001 -17"><span class='ocrx_word' id='word_1_231' title='bbox 40 2728 196 2793; x_wconf 68' lang='lat' dir='ltr'>pauci</span> <span class='ocrx_word' id='word_1_232' title='bbox 212 2729 320 2776; x_wconf 75' lang='lat' dir='ltr'>verr)</span> <span class='ocrx_word' id='word_1_233' title='bbox 341 2727 489 2775; x_wconf 60' lang='lat' dir='ltr'>electi.</span> <span class='ocrx_word' id='word_1_234' title='bbox 1397 2752 1400 2755; x_wconf 77' lang='grc'>’</span> 
     </span>
    </p>

    <p class='ocr_par' dir='ltr' id='par_1_17' title="bbox 45 2809 1637 2960">
     <span class='ocr_line' id='line_1_34' title="bbox 119 2809 1637 2877; baseline -0.001 -15"><span class='ocrx_word' id='word_1_235' title='bbox 119 2809 193 2862; x_wconf 84' lang='lat' dir='ltr'>Ne</span> <span class='ocrx_word' id='word_1_236' title='bbox 213 2827 273 2859; x_wconf 85' lang='lat' dir='ltr'>ex</span> <span class='ocrx_word' id='word_1_237' title='bbox 295 2810 632 2873; x_wconf 73' lang='lat' dir='ltr'>quamplurimis</span> <span class='ocrx_word' id='word_1_238' title='bbox 648 2814 944 2870; x_wconf 86' lang='lat' dir='ltr'>currentibus,</span> <span class='ocrx_word' id='word_1_239' title='bbox 973 2829 1088 2861; x_wconf 88' lang='lat' dir='ltr'>unus</span> <span class='ocrx_word' id='word_1_240' title='bbox 1116 2813 1308 2873; x_wconf 59' lang='lat' dir='ltr'>tantam,</span> <span class='ocrx_word' id='word_1_241' title='bbox 1334 2810 1381 2861; x_wconf 85' lang='lat' dir='ltr'>id</span> <span class='ocrx_word' id='word_1_242' title='bbox 1402 2821 1496 2872; x_wconf 85' lang='lat' dir='ltr'>est,</span> <span class='ocrx_word' id='word_1_243' title='bbox 1515 2829 1637 2877; x_wconf 83' lang='lat' dir='ltr'>pau·</span> 
     </span>
     <span class='ocr_line' id='line_1_35' title="bbox 45 2888 1636 2960; baseline 0.001 -21"><span class='ocrx_word' id='word_1_244' title='bbox 45 2889 218 2940; x_wconf 83' lang='lat' dir='ltr'>cissimi</span> <span class='ocrx_word' id='word_1_245' title='bbox 233 2888 523 2942; x_wconf 80' lang='lat' dir='ltr'>beatitudinis</span> <span class='ocrx_word' id='word_1_246' title='bbox 539 2895 722 2939; x_wconf 76' lang='lat' dir='ltr'>aetcrnae</span> <span class='ocrx_word' id='word_1_247' title='bbox 736 2892 942 2942; x_wconf 74' lang='lat' dir='ltr'>bravium</span> <span class='ocrx_word' id='word_1_248' title='bbox 957 2899 1248 2960; x_wconf 81' lang='lat' dir='ltr'>assequantur</span> <span class='ocrx_word' id='word_1_249' title='bbox 1261 2896 1433 2945; x_wconf 77' lang='lat' dir='ltr'>:caeteri</span> <span class='ocrx_word' id='word_1_250' title='bbox 1449 2908 1636 2952; x_wconf 80' lang='lat' dir='ltr'>omnes,</span> 
     </span>
    </p>
   </div>
  </div>
 </body>
</html>
