1760 3210
436 10 677 107 1<anOE
684 49 996 94 τειιιιοειτιο.
1020 41 1159 108 Cape
1179 40 1338 96 xrs-2·
1516 43 1645 98 3811:

20 153 42 215 'l'
99 128 316 189 *meane
328 141 509 201 aquam
528 138 714 186 eratmt
708 155 735 193 ,
729 133 864 181 sieut
878 146 972 197 per
999 148 1155 182 unum·
1149 126 1435 184 hominem
1430 136 1626 200 peccan-

19 257 45 301 25
27 224 150 272 {em
169 235 291 270 mors
311 219 507 284 intravit
515 220 582 266 in
579 207 840 273 m'undu'm,
865 214 941 263 sic
949 230 1033 278 per
1053 224 1196 263 unum
1217 213 1461 267 hominem
1478 233 1624 270 sanc-

20 294 152 345 stium
178 313 302 345 mors
323 294 664 365 destrueretur,
683 299 729 341 et
748 289 876 342 fieret
899 293 1168 341 resurrectio
1190 300 1489 344 mortuorum.
1575 302 1578 305 “

18 363 36 403 ³³
100 358 210 420 Et
218 373 337 426 sieut
369 363 431 420 ob
459 372 591 420 unius
617 366 738 420 Adae
764 374 998 432 peccatum
1035 383 1196 427 omnes
1234 372 1370 419 morti
1397 379 1506 421 sunt
1526 373 1620 422 ob·

34 446 207 507 'nordh
229 448 298 499 ita
310 447 375 496 ob
416 448 548 501 unius
572 438 750 495 Chr-isti
782 444 1099 493 innocentiam
1136 438 1458 497 immortalitati
1477 451 1621 500 resti-
1647 461 1649 464 ⁴

46 531 282 575 tuerentur
305 541 483 576 omnes.

119 598 444 665 Unusquisque
461 606 614 649 autem
639 605 898 655 sanctorum
924 599 973 647 in
994 597 1156 648 ordine
1180 614 1263 648 suo
1286 600 1613 667 vivificabitur,

14 665 147 754 {plus
165 689 242 731 aut
279 683 433 731 minus
459 679 697 745 gloriosus,
737 681 863 742 juxta
898 696 977 728 sua
999 681 1178 729 merita.
1199 676 1404 731 Christus
1443 686 1617 747 primus

13 759 281 824 omnium,
328 767 534 824 tempore
574 765 619 806 et
661 755 878 822 dignitate
914 759 1006 820 jarn
1038 759 1276 815 surrexit3
1325 757 1497 811 deinde
1538 765 1617 828 qui

12 831 228 889 Christo
249 835 514 898 adhaerent,
538 853 620 887 ceu
649 836 856 885 membra
882 836 1053 899 capiti,
1082 838 1129 885 in
1156 836 1359 886 secundo
1387 839 1484 901 ejus
1519 839 1614 895 ad·-

43 911 186 961 ventu
211 921 448 978 resurgent
472 915 520 963 in
549 912 711 963 ordine
732 929 833 962 suo.

29 1038 33 1039 ⁷
111 984 306 1041 Peracta
325 998 477 1040 autem
499 992 632 1049 totius
647 991 851 1054 corporis
871 991 1218 1050 resurrectione,
1232 989 1337 1039 finis
1353 989 1435 1039 erit
1457 992 1611 1056 regni5

5 1074 125 1116 esen
129 1062 371 1116 Ecclesiae
406 1065 576 1118 Christi
608 1084 746 1133 super
781 1076 980 1126 terram3
1018 1063 1219 1133 tuncque
1257 1064 1465 1117 Christus
1501 1084 1608 1117 eam

39 1141 152 1196 Deo
177 1143 298 1197 Patri
313 1165 395 1197 suo
417 1148 655 1198 exhibebit
677 1157 723 1197 et
743 1147 906 1198 offeret
929 1147 1061 1213 plane
1080 1157 1284 1199 sanctam
1307 1156 1351 1198 et
1376 1155 1578 1215 pacatam
1593 1185 1609 1212 ‚

39 1224 208 1274 abolita
229 1225 398 1276 scilicet
418 1228 622 1275 omnium
639 1224 844 1275 hostium
862 1226 1126 1292 tyrannide.

83 1307 91 1335 Γ
111 1302 470 1357 Ιιιῑειῐιιιιιιιῑειιι
490 1313 669 1371 oportet
691 1304 812 1357 illum
829 1335 845 1366 ‚-
863 1308 889 1354 a
914 1305 1086 1355 dextris
1125 1303 1217 1355 Dei
1237 1306 1479 1357 sedentem
1499 1325 1608 1372 reg-

40 1399 178 1444 nare,
215 1399 271 1431 eo
308 1401 399 1443 quo
424 1385 568 1446 coepit
589 1381 730 1430 modo
748 1417 763 1442 ,
787 1380 980 1430 devictis
1009 1379 1194 1447 quidem
1239 1380 1446 1431 hostibus
1478 1386 1600 1446 suis,

30 1462 120 1513 sed
138 1460 343 1511 nondum
367 1462 508 1526 plane
528 1454 751 1517 subditis3
780 1458 1035 1525 usquedum
1057 1456 1197 1509 Pater
1216 1468 1412 1509 aeternus
1431 1498 1444 1522 ,
1468 1478 1601 1511 suurn

32 1539 294 1607 adimplens
321 1542 621 1607 promissum,
660 1546 798 1604 ponat
831 1554 994 1587 omnes
1028 1540 1236 1588 inimicos
1278 1541 1362 1588 sub
1402 1539 1601 1603 pedibus

0 1658 1 1664 ,
33 1617 152 1680 ejus.

105 1689 245 1743 Tunc
267 1695 389 1742 enim
425 1694 578 1741 noviss
583 1693 702 1751 ima,
720 1699 851 1757 post
878 1697 1116 1754 peccatum
1139 1725 1154 1751 ‚
1195 1697 1296 1753 post
1335 1689 1598 1756 diabolum,

36 1781 194 1828 mors,
217 1779 308 1815 una
325 1782 385 1815 ex
413 1767 509 1828 ejus
541 1766 758 1823 inimicis,
780 1760 1041 1814 destruetur
1060 1781 1141 1830 per
1160 1764 1421 1828 generalem
1442 1782 1600 1817 resur·

34 1837 314 1889 rectionem:
334 1842 548 1906 scripturn
566 1849 634 1890 est
653 1836 775 1891 enim
797 1841 970 1906 psalmo
999 1841 1047 1891 8.
1070 1843 1224 1890 omnia
1247 1841 1460 1921 subjecit,
1485 1850 1572 1894 ete.
1560 1880 1592 1905 .‚

0 1943 7 1952 ’
32 1928 83 1971 et
108 1929 441 1987 consequenter
463 1923 605 1987 ipsam
632 1931 846 1972 mortem.

4 2000 23 2014 ‘
80 1996 224 2051 Ciun
241 2005 393 2050 autern
415 1997 642 2066 Scriptura
677 2001 813 2059 dicit
842 2002 996 2051 omnia
1014 1997 1136 2050 Filio
1154 2001 1465 2062 subjicienda,
1493 2003 1593 2052 sine

29 2075 175 2127 dubio
194 2078 251 2126 ab
266 2076 350 2127 hac
375 2080 668 2143 expressione
684 2079 880 2144 generali
906 2077 1205 2143 excipiendus
1224 2086 1296 2128 est
1314 2077 1444 2129 Deus
1467 2083 1595 2146 ipse,

31 2155 110 2220 qui
130 2157 283 2203 omnia
298 2151 417 2203 Filio
435 2171 517 2202 suo
530 2154 725 2217 subiicit.

99 2231 302 2283 Tantum
333 2235 458 2282 enim
478 2233 605 2282 abest
634 2242 679 2282 ut
702 2230 885 2284 Christo
926 2235 1141 2284 subdatur
1164 2231 1295 2284 Deus
1311 2271 1325 2295 ‚
1351 2236 1555 2299 quinimo
1573 2272 1586 2294 ,

26 2311 134 2360 cum
155 2312 308 2359 omnia
331 2309 425 2359 filio
441 2310 642 2372 subJecta
662 2309 852 2372 fuerint,
880 2319 986 2360 tunc
1008 2320 1053 2360 et
1074 2314 1170 2375 ipse
1192 2309 1335 2360 Filius
1363 2308 1589 2375 Christus,

22 2396 159 2453 caput
180 2386 420 2448 Ecclesiae,
445 2405 549 2437 cum
573 2390 784 2437 omnibus
803 2392 894 2438 suis
915 2391 1151 2450 membris,
1171 2391 1434 2452 subjicietur
1446 2388 1550 2440 Deo
1569 2408 1585 2450 ς

19 2471 225 2530 'tuncque
243 2462 368 2514 Deus
390 2466 471 2513 erit
487 2466 639 2512 omnia
657 2466 704 2513 in
722 2466 953 2516 omnibuS.

81 2540 313 2614 Alioquin
332 2542 443 2611 quid
463 2542 630 2592 faciunt
648 2545 724 2608 qui
745 2559 828 2607 pro
847 2547 1033 2612 mortuis
1056 2545 1378 2610 baptizantur?
1398 2546 1435 2594 si
1455 2562 1587 2595 mor-

24 2625 92 2674 tui
110 2641 208 2697 non
226 2631 490 2692 resurgunt,
519 2641 655 2691 quare
674 2641 757 2689 pro
777 2624 861 2674 illis
881 2627 1199 2692 baptizantur?

94 2776 225 2843 Quin
239 2786 284 2829 et
302 2796 388 2829 nos
405 2817 418 2841 ‚
439 2776 934 2851 Evangelii-praecones
949 2817 962 2840 ‚
990 2788 1038 2830 ut
1063 2780 1171 2846 quid
1197 2766 1398 2847 quotidie
1412 2781 1471 2831 de
1495 2783 1589 2832 vita

8 2856 350 2922 periclitamur,
367 2859 405 2906 si
427 2872 523 2910 non
536 2859 591 2911 sit
609 2855 918 2923 exspectanda
945 2856 1157 2909 merces?
